2155 2899
1074 163 1111 206 S

213 275 249 305 et
276 266 455 304 Croesum
487 266 527 301 in
557 263 660 314 Haly
686 260 903 313 trajiciendo
930 259 1115 310 adjuvisse
1135 260 1209 310 11),
1251 259 1352 311 quod
1386 267 1472 298 ante
1508 260 1571 298 01.
1596 260 1668 297 LV
1701 259 1783 298 fieri
1815 262 1877 297 vix
1909 273 1972 310 po-

212 333 281 370 tuit
296 331 361 383 12).
414 331 535 367 Immo
570 329 719 367 fuerunt
755 327 818 378 qui
850 326 946 363 hauc
980 326 1098 376 ipsam
1134 324 1404 376 expeditionem
1438 326 1485 363 ad
1521 326 1585 364 01.
1619 327 1756 365 LVIII
1786 326 1844 364 vel
1875 326 1974 364 LIX

214 396 451 437 detruderent
468 395 544 449 ²3),
571 394 767 446 eademque
794 391 996 431 Sosicratis
1023 392 1203 430 sententia
1230 391 1347 430 fuisse
1373 391 1537 442 videtur,
1566 394 1631 446 qui
1656 392 1853 439 Periandri
1878 405 1974 431 mor-

212 473 285 503 tem
304 466 430 515 posuit
450 463 513 501 01.
530 462 704 500 XLVIII
725 473 820 497 anno
839 466 974 511 quarto
991 459 1171 509 simulque
1191 459 1474 510 quadragesimo
1495 467 1580 498 ante
1600 460 1734 499 Croesi
1751 463 1887 499 exitum
1904 459 1974 510 l4¹),

213 538 255 567 ut
280 531 424 567 mireris
452 528 604 567 eundem
632 526 824 564 Thaletem
850 527 1138 577 nonagenarium
1165 525 1302 564 obiisse
1329 526 1465 574 dicere,
1492 527 1556 576 qui
1577 527 1780 565 secundum
1800 528 1898 565 hanc
1920 540 1975 564 ra-

214 598 350 634 tionem
373 596 431 633 vel
456 595 730 645 nonagesimum
758 599 927 643 quartum
952 605 1087 629 annum
1113 593 1235 643 attigit
1243 608 1255 641 3
1283 592 1350 630 sed
1376 594 1484 630 etiam
1511 593 1544 629 si
1569 605 1652 629 cum
1676 593 1757 630 aliis
1784 593 1975 644 Lydorum

217 677 343 700 casum
370 662 417 699 ad
447 660 594 711 Olymp.
620 658 694 696 LV
720 658 913 709 rejeceris,
949 658 1226 709 octogenarium
1252 664 1351 695 certe
1380 659 1458 710 jam
1484 665 1561 696 tum
1589 659 1784 697 Thaletem
1809 659 1976 706 habebis,

216 738 257 768 ut
286 730 426 767 mittam
454 742 534 766 eum
561 727 667 764 etiam
692 726 876 777 posterius
904 727 1014 764 vitam
1040 740 1107 777 per
1134 726 1273 778 aliquot
1300 739 1417 764 annos
1448 727 1594 765 trahere
1620 728 1800 778 potuisse.
1854 728 1977 778 Expe-

216 796 328 833 ditior
351 809 410 833 res
437 802 492 832 est
515 793 560 830 de
584 791 885 840 Anaximandro,
921 793 1027 843 cujus
1055 799 1210 830 aetatem
1236 793 1307 830 etsi
1333 793 1395 829 alii
1422 793 1502 830 aliis
1530 795 1756 844 argumentis
1784 793 1976 841 definiunt,

215 862 306 900 nihil
331 868 451 900 tamen
475 861 513 897 in
539 859 598 897 his
627 859 849 908 continetur,
876 859 977 911 quod
1003 859 1049 897 ab
1075 859 1189 898 altero
1214 859 1320 898 valde
1344 859 1538 911 discrepet,
1563 861 1595 898 si
1620 859 1767 912 quidem
1790 859 1976 912 Origenes

215 945 297 968 eum
326 929 389 967 01.
412 928 528 965 XLII
555 940 650 964 anno
678 927 788 964 tertio
814 933 940 964 natum
968 941 1049 965 esse
1071 928 1145 979 1⁵),
1172 927 1360 966 Eusebius
1388 935 1508 966 autem
1536 927 1599 966 01.
1626 928 1684 965 LI
1710 941 1806 965 anno
1833 935 1977 979 quarto,

213 997 285 1035 hoc
309 1003 364 1034 est
385 995 512 1033 aetatis
536 994 728 1045 trigesimo
754 994 911 1044 septimo
935 993 1256 1042 floruisse‘tradit‚
1283 994 1535 1046 Apollodorus
1559 993 1718 1046 denique
1742 993 1806 1032 01.
1827 993 1977 1032 LVIII.

213 1062 241 1100 2
275 1076 408 1100 annum
442 1062 710 1113 sexagesimum
746 1067 916 1112 quartum
950 1062 1072 1113 egisse
1104 1069 1228 1100 narrat
1247 1062 1321 1114 15),
1358 1061 1550 1114 eidemque
1584 1075 1682 1099 anno
1715 1061 1861 1099 Plinius
1889 1060 1979 1098 illud

217 1131 296 1181 ejus
323 1131 510 1166 inventum
539 1128 686 1175 tribuit,
720 1141 794 1179 quo
825 1129 964 1179 primus
998 1129 1250 1180 obliquitatem
1278 1129 1449 1181 signiferi
1475 1129 1700 1167 intellexisse
1727 1142 1845 1179 eoque
1874 1128 1978 1165 facto

214 1210 335 1235 rerum
363 1196 484 1234 fontes
511 1195 699 1246 aperuisse
727 1194 945 1233 credebatur
961 1195 1034 1247 17)3
1070 1210 1165 1248 quae
1193 1210 1306 1248 quum
1327 1197 1377 1234 ita
1403 1197 1500 1234 inter
1525 1209 1566 1235 se
1594 1196 1827 1243 conveniant,
1853 1194 1979 1232 Eudo-

217 1266 295 1301 ciae
321 1264 528 1310 levitatem,
555 1276 649 1313 quae
675 1264 956 1313 sexagenarium
981 1263 1117 1301 obiisse
1144 1264 1293 1315 scripsit
1314 1263 1389 1315 18),
1416 1263 1525 1300 facile
1551 1262 1828 1314 ignorabimus,
1860 1274 1979 1313 neque

217 1332 257 1367 in
282 1329 492 1380 Polycratis
518 1330 667 1379 tyranni
695 1334 810 1367 aetate
835 1329 1080 1378 haerebimus,
1110 1343 1218 1381 quem
1246 1330 1317 1368 etsi
1344 1329 1415 1368 fuit
1441 1330 1505 1381 qui
1531 1329 1604 1366 nisi
1630 1330 1669 1366 in
1692 1328 1786 1368 duos
1809 1329 1979 1366 homines

220 1397 459 1448 cognomines
493 1395 706 1433 distractum
737 1394 1006 1434 Anaximandri
1036 1397 1120 1435 ssori
1154 1399 1303 1448 aequari
1338 1410 1448 1447 posse
1482 1403 1632 1449 negaret
1650 1396 1726 1449 19),
1767 1396 1828 1433 alii
1857 1402 1981 1434 tamen

222 1509 346 1545 epochae
366 1508 506 1544 Trojanae
526 1506 699 1542 computatio
723 1507 753 1531 in
779 1506 905 1532 fraudem
925 1506 1069 1532 induxisse
1094 1507 1221 1537 videtur,
1251 1516 1307 1543 quo
1332 1516 1396 1534 mox
1420 1508 1504 1534 etiam
1529 1507 1707 1543 gravissimas
1734 1505 1833 1532 barum
1860 1505 1980 1531 vitarum

222 1560 425 1596 discrepantias
444 1557 654 1587 revocabimuu
681 1566 745 1582 nam
764 1557 788 1582 si
807 1557 939 1583 traditum
962 1561 1037 1588 erat,
1062 1561 1093 1584 ut
1112 1560 1187 1595 apud
1208 1559 1336 1586 Solinum
1357 1558 1493 1595 Polyhist.
1516 1558 1576 1585 XV.
1599 1558 1632 1585 16
1652 1558 1792 1593 legimus,
1813 1556 1881 1583 solis
1901 1555 1979 1582 illam

223 1612 411 1637 defectionem
430 1618 504 1635 anno
525 1612 590 1645 post
606 1609 720 1643 Trojnm
746 1610 946 1635 sexcentesimo
966 1614 1065 1645 quarto
1092 1611 1246 1641 accidisse,
1275 1611 1300 1636 is
1325 1611 1374 1645 qui
1398 1619 1461 1637 cum
1480 1611 1654 1646 Apollodoro
1674 1609 1826 1644 Trojanam
1846 1607 1979 1643 epocham

224 1661 330 1687 cnvll
350 1661 432 1686 annis
451 1662 516 1685 ante
535 1660 653 1695 primam
674 1659 870 1694 Olympiadem
890 1660 1031 1694 ponebat,
1052 1662 1087 1687 ad
1110 1661 1158 1687 01.
1176 1661 1265 1687 ΧῙΛΧ
1285 1660 1482 1692 deferebatur,
1509 1669 1594 1696 quum
1613 1660 1721 1695 primus
1740 1660 1819 1686 illius
1837 1659 1981 1685 intervalli

223 1716 323 1739 auctor
351 1713 471 1738 fortasse
497 1719 561 1737 cum
583 1710 724 1737 Chronico
747 1710 829 1735 Pario
848 1709 962 1745 'frojam
982 1710 1132 1738 cnxxxn
1154 1714 1235 1739 annis
1254 1717 1319 1739 ante
1339 1713 1458 1748 primam
1478 1712 1674 1749 Olympiadem
1694 1715 1803 1747 captam
1824 1710 1980 1737 statuisset.

280 1764 327 1795 11)
346 1763 453 1788 Herod.
475 1762 498 1787 l.
520 1761 566 1786 75.

281 1814 328 1846 12)
349 1813 395 1839 Ct'.
417 1812 543 1839 Voemel.
566 1812 585 1837 l.
608 1821 633 1838 c.
653 1821 682 1847 p.
699 1810 734 1836 23
755 1820 830 1846 sqq„
850 1812 892 1837 St.
914 1812 1017 1838 Martio
1037 1813 1057 1838 l.
1080 1823 1104 1839 c.
1126 1823 1154 1848 p.
1172 1813 1203 1839 21
1226 1823 1301 1848 sqq„
1321 1814 1515 1840 W'iedemann.
1536 1814 1566 1839 in
1587 1812 1660 1839 Mus.
1680 1813 1709 1839 d.
1731 1811 1834 1838 Rhein.
1853 1811 1979 1846 Westpli.

223 1863 571 1892 Schulmanner-Vereins
592 1863 626 1888 Τ.
647 1862 698 1893 lv,
718 1872 747 1897 p.
771 1862 815 1888 16.

280 1915 328 1945 13)
348 1914 442 1941 Soliu.
466 1913 564 1949 Polyb.
583 1913 606 1939 1.
630 1913 698 1943 1¹2;
719 1913 758 1939 cf.
780 1913 907 1939 Clinton.
928 1914 1003 1939 Fast.
1020 1913 1097 1940 Heu.
1119 1915 1152 1940 T.
1168 1914 1206 1945 11,
1226 1924 1255 1949 p.
1269 1914 1284 1940 ὓ
1299 1919 1327 1941 et
1342 1914 1394 1940 297
1417 1918 1445 1940 et
1463 1913 1585 1940 Boeckh.
1606 1913 1639 1939 C.
1656 1913 1743 1940 laser.
1764 1914 1798 1939 T.
1814 1912 1854 1944 II,
1872 1922 1902 1949 p.
1917 1912 1980 1938 337.

279 1966 325 1999 ¹4)
346 1966 432 2000 Diog.
448 1964 483 1990 1..
497 1964 521 1990 Ι.
537 1964 572 1990 95
589 1973 622 1991 ex
637 1964 762 1999 Menagii
777 1965 1019 1999 interpunctione:
1040 1963 1215 1998 Σωσικράτης
1231 1966 1261 1991 δέ
1275 1974 1338 1999 φησι
1357 1963 1486 2000 πρότερον
1504 1965 1624 2000 Κροίσου
1643 1965 1798 1999 τελευτῆσαι
1817 1962 1899 1990 αιῖτδν
1916 1963 1984 1990 ἔτεσι

221 2016 437 2053 τισσαρᾶκοντα,
465 2017 511 2042 καὶ
529 2016 566 2042 ἑνὶ
585 2015 636 2052 πρὸ
655 2016 704 2050 τῆς
723 2017 938 2052 τεσσαρακοστῆς
955 2014 1048 2050 ἐνάτης
1067 2013 1264 2046 Ὀλυμπιάδος-ε
1295 2016 1332 2041 (·1“.
1356 2015 1446 2042 solin.
1469 2015 1532 2042 vn.
1557 2015 1589 2042 14
1615 2019 1643 2042 et
1660 2015 1793 2051 Wagner.
1814 2016 1849 2042 de
1870 2016 1981 2042 Perian-

223 2070 274 2095 dro
288 2059 424 2095 torinth.
446 2071 579 2103 tyranno,
600 2067 722 2093 Darmst.
747 2066 827 2093 1828.
849 2068 876 2098 4,
897 2077 926 2103 p.
948 2067 983 2093 24
1004 2076 1046 2102 sq.

279 2120 324 2152 15)
348 2118 563 2154 Philosophum.
585 2127 612 2145 c.
634 2118 660 2143 6.

277 2170 323 2203 16)
342 2170 425 2205 Diog.
450 2169 484 2195 L.
506 2169 545 2195 ΙΙ.
567 2169 598 2195 2ε
628 2168 656 2198 ὃς
682 2172 727 2194 καί
754 2178 833 2203 φησιν
860 2168 942 2194 αὐτὸν
969 2171 995 2195 ἐν
1014 2175 1071 2199 τοῖς
1087 2177 1222 2205 χρονικοῖς
1239 2171 1279 2205 τῷ
1297 2171 1412 2205 δευτέρῳ
1430 2170 1482 2196 ἔτει
1500 2172 1549 2204 τῆς
1569 2170 1747 2205 πεντηκοστῆς
1766 2166 1863 2204 ἆγδοῆς
1883 2153 1984 2199 'bivu-

222 2222 317 2250 παιδος
336 2222 401 2247 ἔΐῶν
420 2217 486 2247 εἶναι
503 2218 631 2256 ἕὲἦκσὶτα
652 2218 787 2255 τεσσάρων
807 2221 852 2246 καὶ
871 2218 928 2250 μετ’
947 2218 1034 2253 ὄλίνον
1053 2222 1222 2255 τελευτῆσαι,
1250 2219 1408 2253 ἀκμάσαντά
1438 2231 1475 2255 πη
1501 2219 1618 2251 μάλιστα
1644 2218 1714 2247 κατά
1734 2219 1915 2255 Πολυκράτην
1939 2218 1985 2245 τὸν

222 2271 317 2303 Σάμον
336 2271 474 2307 τύραννον.

281 2322 328 2355 17)
349 2322 424 2350 Hist-
446 2323 480 2349 N.
502 2322 539 2349 11.
561 2322 588 2348 8.

280 2374 329 2407 18)
349 2374 452 2401 Violet.
479 2384 508 2410 p.
532 2375 583 2400 55:
615 2373 825 2410 Ἀναξίμανδρος
844 2375 1010 2409 ἐτελεύτησεν
1029 2375 1231 2410 ἑξηκοντούτης,
1259 2374 1383 2408 ἀκμάσας
1402 2374 1519 2407 μάλιστα
1539 2373 1610 2402 κατά
1629 2375 1807 2411 Πολυκράτην
1825 2372 1919 2406 Σάμου
1938 2375 1986 2401 τύ-

225 2437 330 2462 ραῗὶον.

283 2477 331 2511 19)
353 2476 486 2504 Clinton.
507 2477 584 2505 Fut.
605 2476 682 2504 Heu.
705 2476 738 2503 T.
760 2476 799 2508 ll,
819 2486 849 2513 p.
871 2476 885 2503 7
910 2480 937 2504 et
956 2478 985 2503 in
1009 2477 1111 2504 Philol.
1134 2476 1209 2504 Mus.
1231 2478 1364 2505 Cantabr.
1386 2477 1418 2504 Τ.
1441 2477 1465 2509 1,
1485 2487 1514 2514 p.
1537 2477 1590 2509 8⁹,
1621 2478 1730 2506 seilicet
1749 2480 1864 2513 propter
1883 2476 1985 2503 Suidae
