2155 2899
238 343 352 379 fuisse
378 341 450 387 ait,
489 339 590 390 quod
618 338 862 389 Anaxagoras
895 338 1008 374 solem
1043 350 1198 374 massam
1226 338 1373 388 igneam
1406 337 1560 375 dixisset
1578 338 1651 389 71);
1691 339 1760 375 hoc
1788 350 1875 375 vero
1902 336 1998 374 illius

237 407 413 457 placitum
438 412 516 443 tum
543 406 697 442 maxime
719 404 907 441 hominum
935 404 1073 440 animos
1101 403 1299 441 advertisse
1325 403 1489 450 videtur,
1529 419 1641 455 quum
1672 405 1767 455 lapis
1795 404 1841 442 ad
1867 403 1999 455 Aegos

236 474 373 510 ssumen
400 472 446 509 de
475 472 574 509 caelo
602 470 770 520 delapsus
794 475 903 516 esset,
930 469 1030 519 quod
1056 471 1127 507 etsi
1153 469 1299 506 ridiculi
1326 477 1431 507 erant
1456 471 1520 520 qui
1547 469 1775 520 praedixisse
1800 469 2001 521 Anaxago-

238 552 316 575 ram
339 538 590 575 fabularentur
607 536 673 587 72),
700 534 890 572 doctrinae
915 542 1037 572 tamen
1062 534 1107 571 ab
1135 535 1207 573 hoc
1234 537 1446 587 propositae
1472 536 1626 574 mirifice
1653 536 1801 575 favebat
1815 538 1889 589 75);
1918 539 2000 589 quis

238 608 353 656 igitur
377 605 501 643 credat
528 618 602 641 non
630 603 691 640 Ol.
714 602 953 647 LXXVIII,
986 616 1059 652 qua
1085 603 1187 639 illum
1215 617 1339 640 casum
1367 605 1549 643 accidisse
1577 612 1722 642 constat
1740 606 1815 657 74),
1848 606 1915 644 sed
1940 608 2002 643 u-i-

239 675 343 724 ginta
370 671 524 722 amplius
550 670 653 707 annis
680 675 768 718 post
792 669 831 705 in
851 668 1032 719 judicium
1059 675 1229 707 vocatum
1255 684 1337 708 esse
1364 670 1409 708 ab
1433 671 1593 719 homine,
1616 673 1681 723 qui
1709 674 1907 710 commisso
1934 674 2002 710 cri-

240 742 348 777 minis
380 746 542 788 tempore
573 737 633 772 vix
669 749 689 772 e
722 737 844 785 pueris
874 737 1109 774 excesserat?
1161 738 1279 775 Immo
1311 739 1343 774 si
1370 738 1460 788 quid
1488 738 1595 775 video
1626 738 1753 776 eadem
1781 738 2003 790 Olympiade

239 806 297 844 vel
323 805 509 843 damnatus
534 802 591 839 vel
614 801 772 839 Periclis
794 802 967 852 precibus
996 804 1222 842 condonatus
1247 805 1492 856 Lampsacum
1518 806 1710 856 profectus
1737 814 1805 854 est,
1831 806 1894 843 ubi
1917 814 2004 857 post

240 885 437 922 paucorum
463 882 642 907 annorum
671 869 820 909 exilium
849 869 913 907 Ol.
941 871 1121 908 LXXIX
1148 885 1244 909 anno
1272 873 1382 910 tertio
1408 873 1518 909 vitam
1554 871 1742 922 deposuit3
1782 871 2003 922 discipulum

240 945 359 975 autem
386 935 519 973 ibidem
546 934 698 986 reliquit
724 934 951 973 Archelaum
969 937 1037 989 75),
1064 939 1127 988 qui
1154 939 1187 975 si
1210 952 1297 975 mox
1324 937 1494 976 Athenas
1519 939 1719 977 translatus
1746 938 1798 975 ibi
1826 952 1908 975 cum
1935 938 2004 976 So·

241 1012 338 1042 erate
369 1002 620 1053 septendecim
654 1016 834 1040 annorum
867 1003 1099 1042 adolescente
1126 1018 1351 1055 congressus
1384 1013 1438 1042 est
1457 1005 1533 1057 76),
1570 1006 1625 1041 sie
1651 1018 1798 1055 quoque
1823 1004 2004 1041 Eusebia·

240 1084 322 1107 nam
349 1071 531 1107 rationem
559 1069 767 1118 coufirmat⁷
793 1069 1082 1122 Apollodoream
1107 1072 1253 1120 refutat,
1281 1086 1326 1109 ex
1352 1085 1425 1123 qua
1450 1071 1626 1109 Socrates
1649 1071 1728 1122 jam
1756 1084 1799 1109 eo
1825 1078 2002 1121 tempore,

239 1152 311 1189 quo
336 1137 584 1189 Anaxagoras
611 1137 802 1176 damnatus
829 1145 898 1185 est,
923 1140 1071 1177 circiter
1098 1139 1410 1190 quadragenarius
1435 1139 1579 1176 fuisset.
1634 1137 1731 1175 lllud
1752 1144 1894 1175 tantum
1918 1150 2004 1174 con-

239 1204 353 1252 cedo‚
381 1211 523 1243 mature
551 1218 630 1242 eam
658 1206 865 1257 opinionem
897 1207 994 1244 inter
1021 1204 1186 1244 Graecos
1209 1206 1427 1254 invaluisse,
1454 1212 1514 1254 ut,
1549 1206 1636 1257 quia
1661 1206 1760 1243 circa
1786 1204 1873 1243 belli
1896 1204 2004 1243 Pelo-

239 1274 410 1323 ponnesii
436 1274 579 1310 initium
605 1272 935 1324 Anaxagoreismi9
972 1282 1013 1311 ut
1038 1277 1088 1312 ita
1114 1275 1262 1325 loquar,
1303 1276 1440 1312 crimen
1467 1274 1649 1312 ferbuisse
1677 1288 1746 1311 nec
1779 1287 1919 1324 paucos
1946 1275 2004 1311 vel

240 1340 323 1390 lege
357 1339 433 1376 lata
466 1340 506 1375 in
540 1352 621 1376 eam
653 1338 825 1376 invidiam
860 1338 1031 1377 inductos
1066 1354 1146 1378 esse
1182 1347 1386 1388 constaret,
1420 1347 1461 1378 ut
1487 1340 1735 1392 Anaxagorae
1763 1340 1929 1390 exemplo
1956 1340 2003 1376 ad

241 1407 461 1456 impietatem
490 1405 629 1456 delapsi
656 1405 866 1443 viderentur
884 1406 947 1457 77),
974 1408 1093 1457 ipsum
1120 1407 1229 1457 hujus
1258 1409 1392 1445 erroris
1417 1415 1604 1445 auctorem
1631 1409 1739 1445 etiam
1762 1414 1840 1444 tum
1867 1408 2003 1444 vixisse

240 1473 432 1511 crederent
458 1474 565 1524 eique
594 1473 771 1524 quicquid
797 1473 983 1512 homiuum
1011 1474 1205 1512 illustrium
1231 1474 1303 1511 hoc
1331 1475 1478 1511 nomine
1506 1480 1715 1524 suspectum
1742 1480 1858 1521 esset,
1894 1473 2003 1510 Euri-

239 1540 360 1590 pidem
381 1540 456 1591 73),
486 1540 745 1590 Thucydidem
765 1540 841 1591 79),
868 1542 1062 1592 ipsumque
1089 1541 1281 1579 Socratem
1299 1540 1352 1591 8⁰)
1382 1540 1581 1592 discipulos
1610 1539 1806 1588 adderent3
1834 1539 2003 1591 idemque

295 1679 342 1711 71)
362 1680 446 1714 Diog.
467 1679 502 1705 L.
524 1679 561 1705 ll.
585 1679 636 1705 12:
670 1681 781 1706 Σωτίων
804 1681 851 1710 μὲν
877 1680 929 1714 γάρ
956 1689 1035 1714 φησιν
1060 1682 1085 1705 ἐν
1110 1681 1147 1715 τῇ
1174 1681 1292 1716 διαδοχῇ
1310 1681 1364 1706 τῶν
1382 1679 1544 1712 φιλοσόφων,
1571 1677 1622 1706 ὑπό
1640 1680 1763 1708 Κλέωνος
1783 1677 1864 1705 athan
1883 1677 2003 1710 ἀσεβείας

241 1732 385 1764 κριθῆναι,
411 1729 484 1756 διότι
504 1729 551 1755 τὸν
570 1727 641 1765 ἥλιον
661 1729 765 1765 μύδρον
785 1731 853 1762 ἔλεγε
873 1730 1017 1764 διιὶπιιρονε
1040 1730 1078 1755 cf.
1101 1730 1223 1755 Hemsen
1243 1739 1272 1765 p.
1294 1730 1328 1755 33
1348 1739 1423 1765 sqq„
1444 1729 1620 1755 Schnubnch.
1642 1738 1669 1764 p.
1691 1729 1726 1754 49
1746 1733 1774 1754 et
1795 1728 1846 1754 139
1867 1737 1929 1763 sqq.

295 1780 343 1813 72)
364 1781 410 1806 Cf.
432 1780 580 1816 Menagius
599 1781 635 1807 ad
656 1781 739 1815 Diog.
763 1779 797 1806 L.
820 1780 856 1806 ll.
881 1780 913 1806 10
932 1784 960 1806 et
979 1780 1026 1806 Jo.
1048 1780 1135 1806 Laur.
1157 1780 1267 1816 Lydum
1288 1782 1322 1807 de
1342 1780 1471 1807 Ostentis
1489 1791 1517 1817 p,
1540 1780 1590 1807 281
1614 1781 1658 1807 ecl.
1682 1780 1768 1806 Bekk.

296 1831 344 1863 73)
365 1832 448 1865 Diog.
471 1832 504 1856 L.
528 1832 566 1866 ll.
591 1831 640 1857 ll:
670 1834 734 1866 φησὶ
753 1833 782 1857 δὲ
801 1831 927 1866 Σειληνᾶς
945 1835 971 1857 ἐν
990 1834 1024 1867 τῇ
1045 1832 1139 1867 πρώτῃ
1161 1834 1213 1858 τῶν
1232 1833 1355 1867 ἱστοριῶν
1376 1835 1417 1858 ini
1438 1831 1566 1866 ἄρχοντος
1584 1833 1651 1857 Λυσ.
1674 1851 1679 1856 .
1700 1851 1706 1857 .
1727 1852 1733 1857 .
1755 1852 1760 1857 .
1782 1833 1860 1857 λίθον
1878 1832 1902 1859 i}
1922 1829 2003 1865 οιῖρα-

241 1884 285 1908 νοῦ
304 1888 405 1912 πεσεῖν,
424 1880 471 1907 vd»
490 1883 520 1907 δὲ
539 1879 725 1916 Ἀναξαγόραν
744 1884 824 1908 εἰπεῖν
844 1878 887 1908 ὅτι
905 1881 965 1911 ὅλος
985 1879 997 1907 ἆ
1018 1880 1129 1917 οιῗρανός
1150 1884 1177 1908 ἐκ
1197 1883 1283 1908 λίθων
1302 1885 1437 1915 συγκέοιτο
1457 1893 1481 1907 κ.
1501 1893 1526 1908 τ.
1545 1882 1569 1908 λ.

299 1932 346 1966 74)
366 1933 573 1968 Theogenidem
593 1932 753 1959 archontem
774 1933 821 1959 01.
843 1933 999 1959 Lxxvnl.
1022 1933 1032 1959 1
1056 1933 1140 1959 claris
1161 1933 1252 1959 verbis
1271 1936 1407 1959 memor-t
1428 1932 1586 1959 Chronicon
1609 1932 1718 1957 Parium
1728 1933 1740 1962 ς’
1756 1932 1830 1967 apud
1849 1931 2003 1965 Diogenem

243 1987 325 2011 trium
352 1985 531 2019 sequentium
557 1993 691 2009 annorum
719 1993 871 2019 eponymos
897 1986 1028 2020 supplere
1054 1985 1137 2012 licen
1168 1986 1206 2010 cf.
1227 1986 1342 2012 omniuo
1363 1985 1485 2011 Boeckh.
1506 1985 1542 2011 ad
1562 1985 1593 2010 C.
1617 1985 1704 2010 lnscr.
1732 1984 1764 2009 T.
1788 1983 1828 2014 ll,
1853 1992 1882 2018 p.
1904 1982 1955 2007 320
1977 1987 2004 2007 et

240 2037 337 2063 Jahnii
356 2037 457 2063 Archiv
479 2037 500 2061 f.
524 2035 625 2061 Philol.
648 2035 680 2060 T.
704 2036 738 2065 V,
759 2046 787 2070 p.
806 2036 868 2061 2²22.

298 2087 344 2120 75)
365 2088 468 2114 Euseb.
493 2088 594 2123 Praep.
615 2087 721 2122 Evang.
740 2088 773 2113 Χ.
798 2088 846 2113 142
876 2087 888 2114 ὅ
909 2091 938 2115 ὑὶ
959 2088 1105 2124 Ἀρχέλαος
1126 2091 1151 2115 ἰν
1170 2088 1314 2122 Λαμψάκῳ
1333 2089 1468 2117 διεδέξατο
1487 2087 1535 2123 τήν
1555 2088 1651 2122 σχολήν
1671 2089 1719 2114 τοῦ
1738 2087 1929 2121 ’Λναξαγὸροικ

300 2138 345 2171 76)
366 2139 502 2174 Porphyr.
522 2139 558 2165 de
578 2139 694 2165 Socrate
715 2149 760 2174 ap.
782 2140 950 2166 Theodoret.
974 2140 1073 2165 Graec.
1095 2140 1189 2165 afl'ect.
1213 2143 1303 2165 curat.
1324 2139 1389 2169 xn,
1410 2149 1439 2174 p.
1460 2139 1544 2165 1030:
1572 2138 1626 2173 ἤδη
1646 2141 1674 2165 δὲ
1694 2142 1754 2175 περὶ
1772 2138 1807 2164 ru*
1825 2139 2004 2163 ἑπτακαίδεκα

245 2191 289 2222 ὲίη
311 2191 463 2223 apocri-0³13
483 2188 558 2224 αὐτῷ
578 2188 726 2225 Ἀρχέλαον
744 2188 789 2215 τόν
809 2189 991 2226 Ἀναξαγόρου
1011 2190 1154 2225 μαθητήν,
1184 2190 1320 2221 φάσκοντα
1340 2190 1452 2225 ἐραστήν
1472 2188 1537 2217 εἶναι
1557 2202 1579 2216 κ.
1598 2201 1623 2216 τ.
1644 2192 1667 2217 2..
1707 2190 1748 2214 De
1769 2188 1893 2214 Socratis
1912 2190 2003 2212 aetate

244 2241 282 2266 cf.
304 2249 365 2275 sup.
387 2245 445 2267 not.
467 2240 511 2267 39.

301 2292 348 2318 77)
370 2294 443 2320 Plut.
463 2293 497 2319 V.
521 2294 622 2321 Pericl.
645 2302 671 2320 c.
694 2293 744 2318 32:
778 2296 823 2319 καὶ
846 2292 969 2328 ψήφισμα
989 2295 1136 2328 Διοπείθης
1154 2295 1269 2329 ἕγραψιν
1293 2295 1508 2327 ιῖςαγγὶλλεσθαι
1528 2292 1589 2322 rotie
1614 2292 1650 2319 Tu*
1674 2296 1737 2319 θεῖα
1757 2290 1794 2326 μή
1813 2291 1967 2322 νομίζοντας
1988 2287 2003 2323 ἢ

246 2344 341 2377 lurore
361 2348 418 2377 moi
437 2350 583 2380 μεταρσίων
602 2345 799 2376 διδάσκοντας,
819 2343 1019 2379 ιῖπερειδᾶμειός
1038 2346 1073 2373 εἰς
1091 2346 1223 2378 Περικλέα
1242 2344 1278 2371 δι’
1296 2342 1481 2379 Ἀναξαγὸρου
1500 2344 1550 2378 τήν
1570 2342 1708 2370 finduntur:
1739 2344 1777 2369 cf.
1801 2343 1900 2377 Bergk.
1922 2342 2001 2367 Com.

243 2400 301 2421 Att.
323 2396 425 2430 reliqu.
448 2387 558 2430 p.'170.

300 2446 348 2478 78)
368 2446 544 2472 Setun-bach.
574 2456 601 2481 p.
624 2447 676 2477 20;
707 2448 747 2474 cf.
768 2446 936 2474 Valckenar.
958 2447 1040 2472 distr.
1062 2447 1091 2471 in
1113 2446 1210 2480 Eurip.
1231 2447 1331 2480 fragm.
1353 2456 1381 2481 p.
1402 2446 1436 2471 29
1457 2456 1518 2481 sqq.
1549 2450 1575 2471 et
1603 2445 1692 2479 Bergk
1717 2446 1746 2470 in
1769 2445 1906 2471 Zeiuchr.
1927 2445 1947 2469 f.
1973 2445 2001 2470 d.

244 2497 363 2524 Alterth.
387 2496 471 2526 1836,
495 2506 524 2531 p.
546 2497 589 2522 56.

298 2549 344 2582 79)
366 2548 495 2575 Marcell.
519 2548 552 2573 V.
576 2548 702 2583 Tbucyd-
725 2550 749 2583 ξ.
771 2549 821 2574 22;
853 2547 946 2583 ἢκουσε
966 2549 995 2574 δὲ
1018 2545 1188 2574 διδασκάλοιν
1207 2545 1388 2582 Ἀναξαγόρου
1409 2549 1454 2575 μὲν
1474 2549 1499 2573 ἐν
1519 2546 1685 2578 φιλοσόφοις,
1707 2543 1787 2578 ῧθεν,
1807 2547 1885 2579 equit
1907 2542 2001 2569 UA..
