2155 2899
1071 166 1140 210 21

223 263 308 300 fons
336 264 455 300 famae
477 263 575 300 illius
600 263 716 300 fuisse
743 263 898 310 videtur,
926 277 1017 314 quae
1038 264 1139 301 illum
1167 264 1236 301 sub
1261 264 1400 301 Xerxis
1429 262 1621 300 adventum
1649 265 1780 315 viginti
1804 278 1985 302 annorum

225 330 491 368 adolescentem
517 329 685 368 Athenas
711 331 854 368 venisse
878 330 1026 368 tradidit
1055 330 1120 382 (cf.
1148 337 1221 368 not.
1247 330 1337 383 55);
1373 329 1527 368 eandem
1554 338 1675 368 tamen
1703 334 1765 382 qui
1792 346 1875 370 cum
1901 333 1983 370 aliis

223 397 492 435 narrationibus
516 397 648 435 ibidem
669 412 690 434 a
710 398 880 448 Diogene
900 399 1110 435 memoratis
1134 405 1216 448 apte
1239 398 1454 435 conciliaret
1475 396 1639 434 noudum
1658 398 1825 436 inventus
1847 406 1903 437 est
1916 400 1982 450 ⁸¹),

223 478 291 501 nec
318 465 457 500 minore
486 464 569 514 jure
603 478 671 514 pro
705 472 831 501 nostra
859 466 1040 501 sententia
1074 463 1358 501 Stesimbrotum
1391 471 1523 501 testem
1560 463 1733 501 adhibere
1769 468 1981 515 poterimus,

223 532 286 581 qui
319 531 604 569 Themistoclem
638 529 885 582 Anaxagorae
920 530 1113 581 disciplina
1147 544 1253 568 usum
1288 544 1369 568 esse
1404 530 1584 568 docuerat
1604 530 1680 582 8²);
1720 532 1840 568 missis
1867 534 1982 583 igitur

222 598 449 645 rumoribus,
488 612 642 648 quorum
679 599 780 635 fonte
815 597 1001 634 intellecto
1038 597 1135 634 illico
1172 599 1374 634 auctoritas
1411 599 1620 645 evanescit,
1660 598 1722 634 bic
1757 612 1900 649 quoque
1936 600 1980 636 ab

221 665 450 716 Apollodoro
477 665 525 702 ad
549 664 751 702 Eusebium
778 678 822 702 eo
850 666 985 703 certius
1017 663 1282 712 desciscemus‚
1319 678 1394 716 quo
1421 666 1541 702 minus
1573 665 1763 702 fortuitam
1789 667 1981 717 utriusque

222 733 502 783 discrepantiam
526 745 606 768 esse
626 733 757 768 iterum
781 731 927 768 rediens
949 732 1100 781 triginta
1121 737 1279 781 quatuor
1299 745 1476 769 annorum
1501 732 1702 769 discrimen
1725 731 1981 781 (554-—5003

222 798 451 849 462-428)
480 799 649 836 ostendit.
711 798 815 835 Idem
840 811 949 844 vero,
986 797 1084 847 quod
1116 798 1293 834 neminem
1320 798 1439 835 adbuc
1466 799 1667 836 advertisse
1700 801 1837 846 miror,
1872 801 1987 843 tertio,

222 866 318 904 redit
343 867 381 902 in
407 865 658 910 Anaximene,
698 877 804 913 quem
832 877 943 913 quum
976 862 1225 912 Apollodorus
1254 863 1316 900 Ol.
1344 864 1482 901 LXIII
1509 873 1633 902 natum
1660 865 1803 912 tradat,
1845 866 1981 903 Suidas

223 932 387 983 ejusdem
411 931 551 968 natales
578 932 617 967 in
645 929 709 967 Ol.
731 930 805 966 LV
832 929 994 977 confert3
1021 935 1131 979 utque
1157 930 1196 965 in
1216 930 1432 967 Democrito
1461 937 1495 967 et
1520 930 1762 982 Anaxagora,
1790 933 1847 968 sic
1871 933 1981 969 etiam

223 1002 263 1035 in
287 1000 359 1035 hoc
391 997 492 1033 haud
516 998 595 1032 scio
622 1010 668 1032 au
698 996 877 1032 vetustior
908 1009 1023 1031 annus
1050 997 1173 1044 potior
1198 996 1387 1033 habendus
1415 999 1473 1033 sit.
1526 998 1714 1035 Mortuum
1746 1000 1845 1035 enim
1873 1011 1981 1035 nemo

225 1073 282 1102 est
309 1065 373 1115 qui
400 1069 485 1114 post
507 1062 643 1100 Sardes
672 1069 797 1113 captas
824 1068 958 1108 narret,
985 1074 1078 1112 quae
1100 1060 1178 1111 ipsa
1201 1060 1421 1113 Apollodori
1445 1064 1605 1101 narratio
1631 1070 1686 1101 est
1711 1064 1778 1115 (cf.
1799 1072 1878 1102 not.
1889 1063 1980 1116 25);

226 1135 289 1184 qui
316 1139 436 1169 autem
465 1131 528 1169 01.
551 1132 668 1167 LXX
693 1138 858 1168 mortuus
886 1137 962 1175 est,
1001 1131 1052 1175 si,
1088 1137 1130 1166 ut
1164 1129 1280 1166 eidem
1313 1129 1540 1180 Apollodoro
1575 1131 1715 1181 placet,
1753 1132 1815 1168 Ol.
1840 1132 1981 1168 LXIII

226 1201 370 1239 demum
397 1206 503 1238 natus
532 1205 647 1247 esset,
681 1199 742 1235 vix
768 1198 996 1249 trigesimum
1029 1199 1156 1236 aetatis
1184 1211 1318 1236 annum
1352 1199 1555 1250 attigisset,
1592 1214 1662 1251 qua
1688 1207 1808 1238 aetate
1831 1200 1979 1238 illorum

225 1275 427 1318 temporum
454 1266 665 1316 simplicitas
689 1278 764 1301 non
791 1264 898 1301 facile
924 1265 1129 1313 patiebatur
1159 1279 1375 1316 quemquam
1396 1266 1473 1315 jam
1500 1273 1561 1302 aut
1589 1266 1785 1303 scribendo
1812 1274 1876 1304 aut
1899 1268 1980 1316 phi—

225 1332 452 1385 losophando
477 1331 588 1383 vulgo
618 1333 866 1380 innotescere3
905 1332 1028 1381 itaque
1055 1344 1130 1382 quo
1160 1330 1305 1383 long-ius
1333 1331 1412 1382 ejus
1439 1330 1577 1369 natales
1604 1345 1791 1370 removere
1818 1332 1979 1380 licuerit,

227 1416 271 1438 eo
298 1401 469 1438 libentius
499 1399 758 1449 amplectemur
783 1412 902 1449 neque
924 1412 965 1435 ea
996 1412 1036 1435 re
1063 1397 1344 1444 deterrebimur,
1381 1398 1480 1448 quod
1507 1398 1603 1435 idem
1631 1399 1787 1445 suidas,
1823 1401 1887 1449 qui
1913 1399 1978 1436 01.

227 1468 302 1505 LV
323 1473 447 1504 natum
472 1465 583 1513 dicit,
610 1464 781 1503 Sardium
808 1465 1111 1516 expugnationem
1138 1478 1212 1501 non
1239 1477 1322 1502 cum
1346 1472 1462 1502 morte
1483 1464 1548 1501 sed
1572 1478 1654 1501 cum
1681 1466 1869 1503 nativitate
1897 1467 1979 1517 ejus

227 1617 338 1647 τιιλλος,
364 1617 409 1640 καὶ
433 1613 515 1643 ἄθεος
540 1612 625 1648 ἠρέμα
649 1615 792 1647 ἐνομίσθης
821 1621 901 1646 quem
921 1616 1013 1638 tamen
1036 1612 1095 1646 jam
1121 1611 1238 1637 Tzetzes
1262 1611 1468 1636 anachronismi
1494 1612 1604 1646 arguit,
1634 1613 1672 1638 cf.
1695 1613 1822 1647 Poppou.
1845 1612 1976 1646 Prolegg.

228 1667 353 1701 Thucyd.
374 1666 407 1691 T.
428 1666 452 1693 Ι.
474 1675 503 1700 p.
524 1664 594 1695 321;
614 1664 724 1690 seilicet
743 1672 776 1689 ex
795 1662 909 1689 Easebii
929 1663 1129 1696 chronologi„
1150 1662 1314 1697 Apollodori
1333 1663 1406 1687 enim
1427 1663 1550 1688 rationes
1569 1672 1625 1688 non
1645 1663 1803 1688 obstarent.

283 1717 330 1750 80)
350 1717 433 1751 υἷος.
456 1716 489 1741 L.
511 1716 547 1740 ΙΙ.
570 1714 620 1740 ¹9:
650 1712 766 1743 ἀκούσας
784 1714 814 1739 δὲ
832 1712 1012 1748 Ἀναξαγόρου
1033 1713 1100 1738 κατά
1119 1722 1193 1741 τινας
1211 1732 1218 1738 .
1240 1732 1247 1738 .
1266 1732 1273 1739 .
1291 1711 1358 1742 μετά
1376 1710 1425 1747 τι),
1443 1715 1540 1739 ἐκείνου
1560 1715 1708 1748 καταδίκην
1726 1714 1864 1748 διήκουσεν
1885 1712 1980 1747 Ἀρχε-

228 1770 309 1797 λάους
338 1767 441 1804 quibua
464 1771 557 1794 tamen
584 1767 608 1793 ai
634 1766 703 1802 quid
730 1766 787 1792 veri
813 1766 936 1796 inesset,
965 1766 1054 1800 ipsam
1080 1767 1257 1799 Anaxagorae
1280 1764 1484 1790 damnationem
1511 1769 1575 1791 ante
1594 1765 1644 1791 01.
1665 1764 1792 1791 Lxxxu
1813 1765 1979 1800 rejicereut;

228 1820 417 1855 septendecim
438 1819 511 1844 enim
530 1826 618 1843 anuos
637 1820 733 1842 natum
752 1817 895 1842 Socratem
915 1825 978 1842 cum
998 1815 1133 1841 Archelao
1152 1823 1300 1840 consuesse
1319 1816 1438 1849 legimus
1458 1820 1517 1841 not.
1535 1816 1582 1840 76.
1630 1817 1778 1841 Praeterea
1799 1816 1868 1841 scite
1886 1821 1981 1841 monet

228 1871 345 1906 Bayliua
364 1871 510 1896 Dictionu.
531 1868 629 1896 histor.
650 1867 685 1894 T.
709 1867 734 1898 l,
752 1876 782 1902 p.
802 1866 875 1897 22⁷,
903 1868 928 1892 ιὶ
948 1874 1039 1892 coram
1059 1866 1248 1900 Anaxagoram
1270 1865 1399 1891 Socraten
1420 1866 1552 1896 vidi-set,
1583 1875 1639 1891 non
1660 1875 1731 1901 epus
1750 1867 1836 1892 ruisse
1856 1870 1887 1892 nt
1906 1869 1980 1901 apud

230 1923 301 1949 Plat.
323 1921 426 1948 Phaed.
447 1930 475 1957 p.
496 1919 529 1945 97
550 1920 586 1946 ad
604 1919 730 1955 ejusdem
749 1918 853 1944 librum
871 1918 1048 1952 confugeret.

283 1973 329 2006 81)
351 1974 463 1998 Praeter
483 1971 663 1997 liemsenium
683 1974 711 1996 et
733 1968 956 1996 Sebaubacbium
975 1968 1092 1994 multum
1112 1968 1141 1992 iu
1166 1967 1217 1993 hac
1243 1968 1407 2002 quae-tione
1435 1968 1575 1994 laboravit
1602 1969 1701 1995 doctna
1723 1969 1841 1994 Batavus
1862 1968 1981 1995 3ιέδυί-

229 2034 281 2052 zen
300 2034 352 2050 vnn
373 2025 427 2049 den
448 2023 535 2049 Brink
555 2032 612 2048 var.
634 2022 713 2048 lectt.
739 2022 773 2047 de
799 2020 865 2046 bist.
886 2020 990 2055 philos.
1013 2023 1070 2044 ant.
1099 2018 1132 2043 L.
1154 2018 1185 2043 B.
1210 2017 1290 2043 1842.
1312 2018 1341 2049 8,
1369 2028 1400 2053 p.
1419 2019 1549 2049 69-80,
1578 2020 1627 2054 qui
1652 2022 1840 2053 Anaxagoram
1868 2019 1903 2044 ab
1931 2019 1980 2045 ΟΙ.

231 2076 327 2102 LXXX
346 2076 381 2101 ad
402 2073 528 2101 Lxxxn
549 2072 663 2100 Athenis
682 2072 792 2107 degisse
809 2071 909 2097 statuit
927 2070 1090 2104 vulgarique
1111 2069 1237 2104 opinioni
1257 2079 1312 2095 aon
1332 2079 1422 2105 pauca
1446 2071 1597 2106 opposuit,
1627 2080 1696 2105 quae
1716 2072 1744 2095 iu
1765 2075 1891 2096 nostrum
1913 2080 1982 2105 quo-

231 2137 284 2162 que
303 2136 382 2152 usum
402 2125 527 2152 converti
548 2124 670 2160 poseiut3
698 2124 787 2159 ipsine
812 2126 903 2149 tamen
927 2121 1065 2146 rationem
1084 2129 1120 2146 ne
1139 2129 1190 2146 uo·
1209 2121 1323 2155 quidem
1347 2121 1560 2156 amplectimur,
1590 2122 1655 2156 qui·
1682 2130 1737 2146 aon
1764 2126 1899 2156 apparet.
1928 2131 1984 2156 qno

231 2179 313 2204 modo
329 2178 364 2208 is,
384 2176 433 2211 qni
449 2175 497 2201 Ol.
509 2174 607 2201 Lxxv
629 2174 784 2200 vicenarius
800 2173 921 2199 Athenas
940 2172 1074 2201 venisflet,
1092 2171 1140 2196 Ol.
1161 2171 1289 2197 Lxxxu
1309 2180 1393 2198 senex
1406 2172 1472 2197 inde
1488 2172 1630 2198 discedere
1647 2172 1783 2206 potuerit,
1803 2174 1843 2198 ef.
1861 2176 1921 2198 not.
1937 2172 1983 2197 36.

232 2230 319 2257 Nobis
339 2230 363 2255 si
381 2228 513 2255 hariolari
532 2225 651 2257 liberet,
678 2224 832 2252 tricennale
851 2225 987 2259 spatium,
1013 2230 1068 2257 quo
1089 2222 1231 2257 Diogenes
1249 2223 1428 2257 Anaxagorae
1448 2224 1692 2250 commorationem
1711 2224 1831 2249 Atticam
1850 2224 1983 2251 includit.

231 2281 266 2308 ab
287 2281 335 2307 ol.
358 2280 440 2306 Lxx.
462 2280 478 2305 4
497 2279 533 2304 ad
551 2276 705 2304 LXXVIII.
725 2276 742 2302 2
763 2283 982 2305 numeraremus,
1001 2283 1057 2309 quo
1078 2274 1156 2299 facto
1174 2274 1258 2299 etiam
1279 2283 1380 2299 novum
1401 2283 1565 2309 eponymum
1586 2284 1611 2299 a.
1633 2274 1709 2307 497κὸ
1728 2284 1756 2300 a.
1777 2274 1845 2300 Chr.
1867 2275 1987 2300 Calliam

232 2334 405 2359 lucraremur
422 2332 473 2364 (cf.
493 2333 551 2355 not.
571 2328 634 2361 3⁴);
654 2329 703 2355 sed
722 2331 778 2354 tam
797 2328 968 2353 inveterato·
987 2325 1101 2351 morbus
1120 2329 1208 2351 tutam
1229 2326 1365 2351 medelam
1384 2326 1502 2361 respuit.

289 2384 335 2416 82)
356 2384 402 2409 cf.
424 2381 648 2410 Stesimbroturm
668 2380 736 2405 satia
755 2378 901 2413 antiquum
920 2380 1076 2406 auctorem,
1097 2377 1173 2411 apud
1194 2377 1269 2402 Plut.
1291 2376 1325 2401 V.
1346 2376 1478 2402 Themist.
1500 2386 1526 2402 c.
1547 2376 1576 2406 2,
1598 2377 1645 2401 eui
1665 2376 1712 2401 hic
1733 2380 1888 2411 temporum
1910 2379 1983 2400 certe

233 2434 413 2460 difficultates
432 2441 573 2468 opponere
593 2440 648 2457 non
668 2429 800 2460 debebat,
819 2436 976 2464 quanquam
994 2427 1078 2453 fidem
1098 2426 1219 2453 hominia
1240 2435 1298 2453 non
1311 2436 1438 2461 magnam
1457 2435 1516 2453 este
1536 2427 1680 2457 ennoean
1702 2427 1742 2454 ef·
1764 2428 1891 2453 Prooem.
1905 2426 1982 2451 lecu.

235 2485 379 2520 Marhurg.
402 2483 484 2513 1836,
504 2493 532 2518 p.
556 2493 601 2508 vu.
1617 2522 1646 2559 4
