2155 2899
1059 208 1127 253 1⁸²

217 311 335 341 autem
361 306 518 340 rationes
548 317 667 354 neque
692 305 778 340 huic
805 307 934 342 aetatis
960 307 1140 342 notationi
1173 306 1408 350 conveniunt,
1438 317 1532 354 quae
1564 304 1610 340 ad
1639 304 1735 341 illius
1763 311 1973 354 computum

214 372 326 410 relata
362 372 424 407 vix
457 370 587 422 viginti
622 378 780 422 quatuor
809 385 988 409 annornm
1023 372 1205 409 hominem
1236 378 1339 410 sexta
1370 377 1456 423 post
1492 371 1713 408 nativitatem
1749 370 1972 423 Olympiade

214 439 352 475 clarum
381 433 476 473 inter
505 437 668 475 Graecos
698 439 855 486 faceret,
890 453 1009 490 neque
1036 440 1138 486 aliis,
1172 452 1265 490 quae
1298 441 1472 475 unanimo
1507 452 1691 477 consensu
1719 439 1972 476 Democritum

214 519 296 542 cum
320 503 567 554 Empedocle‚
606 505 847 553 Parmenidc,
880 507 1029 544 Zenone
1062 507 1215 557 aliisque
1247 507 1364 557 quinti
1396 520 1430 542 a.
1455 504 1547 543 Chr.
1581 505 1719 543 saeculi
1744 505 1971 556 philosophis

209 573 374 622 jungunt
390 570 468 621 ⁶⁰),
497 584 607 621 quum
636 585 681 607 ex
707 571 926 622 Apollodori
953 574 1153 619 sententia,
1189 574 1222 609 si
1248 572 1294 608 ad
1323 572 1385 608 01.
1410 572 1480 609 CV
1505 585 1624 623 usque
1651 573 1822 617 vixisset,
1848 572 1973 607 Plato·

215 652 318 684 nem,
346 637 601 688 Aristippum,
631 639 832 676 Isocratem
862 640 982 689 potius
1010 640 1176 689 aequales
1200 639 1400 677 habuisset.
1454 639 1652 677 Postremo
1678 639 1716 675 in
1744 644 1844 676 tanta
1867 652 1973 689 argu—

212 712 436 752 mentorum,
477 705 608 756 quibus
644 705 802 743 Diodori
835 706 926 743 fides
962 706 1155 752 fulciatur,
1196 707 1447 744 convenientia
1480 720 1527 744 ne
1553 707 1790 756 Protagorae
1825 704 1971 756 quidem

213 773 395 810 mentione
425 771 678 811 abstinendum
713 774 798 820 erit,
830 787 936 823 quem
965 787 1076 823 quum
1103 773 1191 810 satis
1219 779 1318 810 certo
1344 780 1489 811 constet
1516 774 1613 811 circa
1639 772 1704 811 01.
1729 773 1884 810 LXXV
1910 786 1971 810 na-

213 847 287 876 tum
320 853 400 876 esse
420 839 495 890 ⁶1),
532 853 608 876 non
639 846 831 889 appareret
864 839 1046 889 quomodo
1079 846 1217 876 veteres
1254 840 1470 889 discipulum
1501 841 1719 878 Democrito
1746 840 1881 877 addere
1907 854 1971 889 po-

211 908 369 944 tuissent
386 906 464 958 62),
504 907 536 942 si
569 906 629 942 hic
661 906 793 956 viginti
819 907 924 943 annis
951 907 1071 942 minor
1105 913 1192 943 natu
1218 906 1364 956 suisset3
1405 921 1569 958 quaeque
1595 908 1844 945 recentiorum
1870 906 1971 944 fasti-

212 974 312 1010 dium
340 979 469 1010 contra
495 973 591 1009 hanc
618 974 734 1022 ipsam
758 973 962 1009 Democriti
986 972 1213 1023 disciplinam
1236 980 1271 1010 et
1295 975 1493 1023 antiquitus
1519 974 1687 1011 traditam
1713 981 1750 1011 et
1775 981 1854 1011 tota
1876 975 1970 1010 Pro·

211 1048 385 1092 tagoreae
413 1040 610 1090 sapientiae
636 1038 759 1077 indole
784 1038 962 1076 firmatam
979 1039 1033 1091 63)
1061 1040 1231 1090 protulit,
1268 1054 1378 1091 quum
1406 1053 1450 1077 eo
1479 1040 1558 1077 solo
1586 1040 1825 1078 fundamento
1852 1041 1970 1077 nitan-

212 1115 292 1154 tur,
327 1113 368 1143 ut
393 1106 613 1156 Apollodori
639 1107 861 1143 notationem
889 1109 1017 1144 ceteris
1045 1107 1209 1143 omnibus
1244 1109 1420 1156 potiorem
1451 1107 1645 1145 habuerint
1661 1108 1737 1158 6ἦ),
1773 1114 1968 1157 postquam

212 1173 321 1224 hujus
356 1174 608 1210 auctoritatem
644 1179 716 1210 tam
752 1172 896 1209 dubiam
931 1187 1011 1211 esse
1045 1173 1290 1221 ostendimus,
1327 1174 1405 1211 sine
1439 1174 1577 1211 circulo
1612 1175 1651 1211 in
1683 1172 1967 1212 demonstrando

213 1242 348 1291 opponi
379 1240 484 1277 nobis
512 1240 665 1290 amplius
692 1254 765 1276 non
790 1247 972 1290 poterunt.
1025 1242 1142 1277 Immo
1170 1247 1342 1291 quantum
1371 1240 1537 1291 equidem
1572 1241 1701 1288 video,
1737 1247 1854 1278 status
1882 1253 1966 1276 cau-

212 1322 275 1345 sae
297 1308 374 1359 jam
404 1308 465 1344 hic
493 1314 568 1354 est,
606 1315 647 1345 ut
673 1305 912 1357 Apollodori,
949 1307 1158 1358 Thrasylli,
1195 1305 1351 1344 Diodori
1384 1308 1588 1345 notationes
1620 1307 1745 1345 eadem
1770 1306 1966 1345 traditione

212 1440 376 1475 Apollodori
398 1439 440 1464 vel
461 1437 607 1464 Mullacliii
625 1439 714 1468 ratio.
745 1439 896 1464 secundum
917 1448 998 1474 qnam
1020 1440 1079 1473 jam
1105 1443 1169 1464 ante
1189 1440 1359 1473 trigesimum
1380 1440 1479 1464 aetatis
1498 1448 1602 1463 annum
1622 1439 1717 1464 clarus
1735 1438 1849 1464 habitus
1869 1442 1964 1468 esset3

212 1494 250 1517 cf.
273 1490 408 1516 Mullacli.
430 1499 457 1524 p.
480 1489 514 1513 26
535 1498 576 1523 sq.

267 1543 313 1576 60)
334 1544 446 1569 Praeter
465 1542 557 1577 ipsum
577 1540 727 1567 Eusebium
747 1541 783 1567 ad
802 1540 849 1567 01.
873 1540 1009 1568 Lxxxvl
1030 1541 1068 1566 cf.
1093 1540 1215 1575 Syncell.
1246 1549 1274 1575 p.
1294 1538 1363 1565 482:
1394 1537 1454 1566 τὸτε
1475 1542 1519 1565 καὶ
1538 1538 1707 1575 Δημόκριτος
1727 1537 1895 1575 ’Λβδηρὶτης
1913 1549 1965 1570 φυ-

212 1606 253 1621 ηικ
256 1594 284 1624 ὃς
308 1594 369 1625 «pald
355 1604 399 1620 οοσ
401 1604 448 1624 φος
473 1595 516 1625 ἑγν
518 1592 625 1626 molismo
651 1596 696 1618 καὶ
719 1591 849 1623 Ἐμπεδοκ
836 1591 936 1626 κλῆςᾶ
954 1591 1001 1618 'Au
988 1603 1088 1627 κνραγα
1089 1599 1130 1618 τῖν
1133 1603 1174 1624 ο,ς
1201 1591 1254 1625 Ζήν
1242 1602 1292 1616 vm
1311 1602 1338 1617 ἰε
1358 1595 1402 1616 καὶ
1421 1593 1532 1651 Happel
1531 1593 1594 1667 ἑδης
1615 1592 1639 1617 οἷ
1657 1589 1717 1622 φιᾶλ
1705 1601 1794 1622 οσοφοι
1813 1594 1859 1617 καὶ
1874 1589 1964 1617 Inno-

212 1644 313 1681 κράτης
320 1646 439 1673 Κῶοςὶ
429 1654 505 1678 ιητρο
508 1653 530 1676 ς,
550 1643 635 1678 inque
655 1643 752 1678 primis
773 1643 856 1668 etiam
878 1643 992 1668 Suidam
1013 1652 1036 1668 s.
1058 1652 1084 1668 ν.
1108 1641 1210 1676 Ζήνων.-
1231 1641 1371 1673 φιλόσοφος
1389 1643 1442 1668 τῶν
1460 1641 1532 1675 ἕιζγγ
1546 1652 1613 1668 virm
1632 1642 1679 1667 Hi
1674 1639 1752 1675 0127
1740 1651 1790 1676 ορᾳ
1809 1644 1854 1667 καὶ
1872 1642 1965 1676 Δημο-

212 1703 293 1733 κίρτῳ
317 1696 384 1723 nuru*
413 1707 444 1721 το
445 1694 476 1724 ὓς
492 1694 555 1729 χρᾶ
557 1705 616 1726 υ,υς
643 1689 674 1729 ἦν
698 1693 749 1730 γιὶρ
775 1697 817 1721 im·
843 1695 892 1729 τῆς
919 1692 956 1728 οη’
978 1692 1085 1724 ολιιῑμπ
1083 1691 1126 1720 Ado
1114 1704 1155 1724 ο,ς
1183 1692 1312 1728 μαθητης
1339 1692 1452 1724 Ξενοφάν
1455 1703 1500 1722 oie
1524 1704 1539 1727 η
1565 1694 1753 1728 Παρμενίδου,
1778 1692 1829 1719 uhi
1847 1701 1883 1719 ue
1902 1693 1964 1728 quis

212 1749 391 1781 Protagoram
410 1754 461 1781 pro
483 1745 640 1779 Pythagora
659 1744 827 1774 substituat.
847 1744 978 1779 prohihet
998 1744 1100 1770 Euseb.
1125 1746 1221 1778 Praep.
1244 1754 1341 1779 evang.
1360 1744 1394 1769 Χ.
1417 1744 1443 1769 9.

267 1798 313 1832 61)
334 1798 401 1825 Nam
420 1796 596 1832 septuaginta
616 1805 704 1822 annos
729 1796 830 1822 vixisse
851 1795 970 1822 traditur
992 1805 1008 1821 a
1037 1796 1152 1822 Platone
1179 1795 1402 1831 locupletissimo
1427 1798 1499 1821 teste
1527 1794 1644 1821 Menou-
1671 1804 1700 1831 p.
1722 1794 1755 1821 9l
1778 1794 1820 1825 E,
1848 1797 1964 1821 mortem

212 1855 303 1877 autem
325 1853 367 1876 sat
385 1849 472 1875 firmis
491 1849 662 1883 argumentis
681 1849 710 1873 in
732 1847 779 1873 01.
796 1847 871 1873 xcn
892 1848 1045 1874 collocasse
1063 1846 1144 1873 nohis
1165 1849 1289 1874 videmur
1308 1848 1338 1873 in
1359 1847 1496 1874 Zeitschr.
1518 1848 1540 1873 f.
1561 1848 1591 1873 d.
1612 1847 1732 1874 Altertli.
1753 1846 1834 1878 ¹8³4,
1854 1856 1883 1882 p.
1897 1846 1963 1878 365,

212 1900 429 1938 astipulantibus
448 1899 545 1925 Geelio
563 1900 593 1925 in
613 1899 683 1925 Nov.
705 1900 766 1925 Act.
786 1899 892 1924 Societ.
914 1898 1149 1933 Rheno—Trajeet.
1171 1898 1203 1923 T.
1225 1898 1264 1928 11,
1282 1908 1312 1933 p.
1328 1898 1363 1922 70
1384 1902 1412 1923 et
1432 1898 1517 1933 Frejo
1537 1899 1668 1930 Ωιι-οιαὶ.
1692 1899 1802 1932 Prot-g.
1824 1907 1853 1933 p.
1872 1898 1918 1924 64.

266 1953 313 1986 62)
331 1952 376 1979 cf.
399 1952 482 1987 Diog.
504 1951 538 1977 L.
562 1951 609 1977 lx.
632 1950 678 1982 50,
705 1949 793 1977 Clem.
814 1950 893 1977 Alex.
915 1950 1060 1977 Stromatt.
1081 1950 1105 1980 l,
1125 1959 1153 1985 p.
1177 1948 1228 1975 301
1250 1950 1287 1981 Ι),
1317 1949 1450 1976 Philostr.
1471 1950 1507 1976 V.
1529 1950 1655 1987 Sophist.
1678 1950 1700 1976 Ι.
1723 1950 1768 1982 10,
1797 1950 1964 1977 luculentis-

213 2007 366 2039 simum-{ue
387 2004 500 2038 Epicuri
519 2003 709 2028 testimouium
729 2003 803 2037 apud
823 2002 886 2027 Ath.
908 2001 988 2029 vlu.
1010 2001 1063 2030 50,
1092 2002 1166 2036 quod
1193 2002 1277 2027 etiam
1300 2001 1387 2026 Gellii
1413 2002 1575 2027 narratione
1595 2002 1629 2026 N.
1650 2003 1707 2027 Au.
1728 2001 1762 2026 V.
1784 2001 1800 2026 3
1825 2001 1962 2027 firmatur.

215 2057 277 2091 lpse
297 2055 472 2081 Democritus
491 2053 566 2088 quod
584 2053 612 2078 in
633 2052 707 2078 lihro
727 2052 822 2087 aliquo
849 2053 1016 2086 Protagorae
1043 2051 1211 2076 mentionem
1238 2051 1338 2077 fecisse
1364 2052 1502 2082 traditur,
1531 2052 1576 2077 liis
1595 2051 1756 2078 auctoribus
1776 2060 1831 2077 non
1854 2051 1965 2082 obstan

213 2117 275 2134 nam
303 2109 511 2143 praeceptorem
537 2104 620 2130 etiam
647 2104 782 2138 discipuli
803 2104 939 2129 rationem
967 2102 1068 2128 hahere
1096 2110 1195 2137 posse,
1226 2106 1258 2128 nt
1284 2102 1336 2127 hoc
1365 2106 1445 2132 utar,
1472 2103 1532 2137 jara
1560 2103 1734 2128 Theodec-tae
1757 2103 1864 2128 nenti·
1890 2104 1967 2138 apud

213 2159 390 2185 Aristotelem
411 2157 543 2183 ostendit.

268 2209 316 2242 63)
336 2209 382 2234 Cf.
403 2207 537 2234 Zeitschr.
560 2208 581 2231 l'.
604 2207 632 2231 d.
655 2206 773 2231 Altertli.
798 2205 879 2234 1834,
897 2215 927 2240 p.
948 2205 1004 2231 370
1021 2210 1049 2231 et
1069 2206 1170 2231 Gesch.
1192 2207 1220 2231 d.
1242 2207 1351 2241 platon.
1377 2205 1427 2231 Phi
1430 2207 1481 2231 los.
1506 2215 1533 2240 p.
1559 2205 1620 2234 190,
1651 2214 1701 2230 uec
1721 2210 1861 2240 repugnat
1881 2206 1965 2231 Bran

214 2263 256 2288 dis
276 2261 382 2296 grieeh.
402 2264 471 2287 rom.
494 2259 597 2285 Philos-
619 2259 653 2284 Τ.
677 2259 699 2290 1,
720 2267 748 2294 p.
772 2257 834 2284 524.

269 2315 317 2347 454)
338 2314 427 2340 L'num
448 2313 555 2347 excipio
576 2310 768 2342 Meinersium,
789 2311 837 2345 qui
857 2319 941 2345 quum
960 2310 993 2335 T.
1016 2310 1041 2340 1,
1061 2319 1089 2345 p.
1111 2309 1165 2335 726
1185 2310 1304 2335 Diodori
1323 2310 1405 2335 fldem
1425 2309 1581 2344 probasset,
1602 2308 1768 2343 Apollodori
1785 2313 1861 2335 certe
1880 2309 1964 2334 ratio-

213 2367 296 2392 nibus
317 2366 414 2391 induci
434 2374 490 2391 non
507 2367 633 2400 poterat,
654 2368 686 2389 nt
704 2363 736 2388 T.
759 2362 798 2393 11,
817 2372 847 2398 p.
866 2362 918 2387 174
939 2362 1107 2397 Protagorae
1127 2365 1245 2388 aetatem
1266 2362 1426 2387 Democrito
1445 2360 1533 2385 multo
1552 2360 1675 2394 priorem
1694 2364 1830 2395 poneret;
1857 2369 1890 2386 eo
1908 2369 1962 2385 -a-

214 2419 256 2452 gis
276 2422 367 2444 autem
388 2418 541 2444 mirandum
562 2420 604 2443 est
623 2415 806 2442 Mun-chium
826 2417 854 2440 et
873 2413 1004 2450 Frejum,
1030 2414 1197 2450 Apollodori
1215 2414 1352 2445 assecha,
1372 2412 1450 2438 illius
1469 2411 1638 2438 anctoritate
1658 2412 1717 2443 nti,
1741 2420 1812 2447 qnae
1833 2412 1963 2445 Protago-

215 2479 261 2495 rae
282 2470 454 2495 nativitatem
475 2470 519 2494 vel
540 2469 613 2494 ultra
633 2468 680 2494 ΟΙ-
703 2466 774 2492 Lxx
794 2470 963 2495 removeret3
984 2466 1132 2500 ipsiusque·
1151 2465 1296 2491 Meinersii
1313 2465 1438 2490 rationes
1457 2473 1539 2499 quasa
1559 2464 1669 2490 debiles
1688 2469 1799 2494 essent,
1814 2465 1872 2499 jam
1893 2463 1964 2489 Gee-

217 2522 271 2546 lius
290 2521 309 2545 l.
332 2529 357 2545 c.
380 2529 409 2554 p.
430 2519 464 2544 70
485 2528 546 2554 sqq.
568 2519 678 2544 abunde
697 2518 803 2543 docuit.

1649 2565 1677 2602 5
