2155 2899
1055 595 1101 649 Ι.

207 679 274 743 In
297 705 512 743 definiendis
531 706 834 756 pbilosophorum
857 707 1092 756 antiquorum
1118 704 1292 742 aetatibus
1312 712 1350 742 et
1372 712 1513 742 veteres
1537 712 1574 742 et
1596 706 1824 742 recentiores
1848 711 1970 740 aucto-

209 786 268 809 res
303 772 402 810 haud
432 785 515 809 raro
551 771 816 810 diversissimas
848 772 1010 808 rationes
1045 772 1162 808 secuti
1189 778 1286 808 sunt.
1342 770 1420 808 Alii
1448 773 1543 809 enim
1572 770 1609 807 id
1636 772 1795 808 maxime
1828 777 1970 820 specta-

208 845 316 885 runt,
356 846 397 876 ut
430 839 839 888 priscamsapientiam
874 851 940 886 per
979 839 1249 876 successionem
1287 837 1441 887 aliquam
1480 838 1673 875 doctorum
1712 838 1968 874 continuarent

212 911 462 955 quantumque
487 904 567 955 ejus
594 903 675 941 fieri
700 910 827 953 posset
852 903 1016 954 sing-ulos
1044 906 1226 955 sapientes
1250 904 1360 941 simili
1387 903 1599 953 disciplinae
1623 903 1773 940 vinculo
1805 904 1902 940 inter
1927 917 1968 939 se

214 970 501 1021 conjungerent,
535 983 608 1021 quo
629 969 884 1007 Macedonica
912 977 1010 1007 aetas
1044 971 1248 1020 principum
1275 970 1578 1020 philosophorum
1604 970 1738 1020 placita
1766 971 1861 1007 intra
1891 982 1968 1006 cer-

213 1045 332 1075 tarum
360 1036 566 1074 scholarum
592 1036 686 1074 fines
711 1050 778 1087 per
801 1037 1049 1087 professorum
1076 1038 1174 1075 vices
1201 1036 1297 1074 tradi
1323 1044 1431 1074 norat
1450 1036 1502 1088 l);
1536 1037 1575 1074 id
1600 1038 1720 1088 ipsum
1745 1043 1868 1074 tamen
1895 1042 1969 1073 stu-

213 1091 449 1156 (numqaum
473 1117 494 1140 a
516 1104 630 1154 prisci
653 1103 749 1141 illius
773 1105 947 1154 temporis
973 1105 1204 1155 simplicitate
1231 1119 1383 1155 prorsus
1410 1105 1567 1142 alienum
1594 1112 1706 1151 esset,
1734 1104 1795 1140 alii
1819 1105 1858 1140 in
1882 1116 1968 1141 con-

213 1172 362 1209 trariam
396 1177 534 1221 partem
568 1170 727 1221 delapsi,
770 1170 947 1222 quicquid
983 1172 1022 1207 in
1057 1171 1117 1208 illa
1153 1172 1392 1223 chronologia
1433 1171 1480 1208 ad
1520 1172 1687 1221 magistri
1721 1177 1757 1208 et
1794 1170 1967 1221 discipuli

216 1238 465 1288 aequalitatem
500 1238 682 1287 pertinere
716 1236 918 1285 videretur,
959 1239 1165 1288 suspicioso
1205 1237 1354 1275 fastidio
1393 1245 1609 1289 spreverunt
1643 1239 1812 1288 interque
1847 1237 1967 1274 varias

214 1312 376 1343 veterum
408 1304 613 1342 notationes
640 1317 719 1341 eam
746 1312 889 1354 semper
913 1304 1151 1342 libentissime
1179 1304 1333 1354 amplexi
1360 1311 1456 1353 sunt,
1484 1318 1577 1355 quae
1605 1303 1861 1355 disjungendis
1889 1304 1967 1353 phi-

214 1372 379 1422 losophis
407 1371 611 1409 inserviret.
663 1370 743 1407 Nec
770 1371 937 1421 profecto
960 1372 1139 1408 immerita
1165 1371 1255 1408 hacc
1282 1372 1443 1421 suspicio
1470 1371 1637 1408 habenda
1664 1378 1734 1418 est,
1761 1371 1793 1407 si
1818 1370 1966 1421 quidem

216 1439 324 1476 certis
355 1437 529 1488 exemplis
562 1443 705 1474 constat
733 1443 873 1475 veteres
895 1437 962 1474 has
987 1439 1263 1475 successionum
1289 1438 1401 1475 series
1434 1444 1534 1475 tanta
1567 1450 1650 1474 cum
1681 1438 1859 1475 caecitate
1885 1450 1966 1487 per—

215 1513 363 1544 secutos
390 1519 491 1553 esse,
519 1511 559 1542 ut
585 1518 661 1541 non
685 1503 796 1541 modo
823 1518 887 1542 eos
911 1505 1111 1555 discipulos
1138 1506 1321 1555 magistris
1349 1505 1543 1553 adderent,
1573 1518 1730 1556 quorum
1756 1505 1891 1555 placita
1919 1518 1965 1541 ne

215 1573 400 1609 minimam
440 1570 587 1623 quidem
627 1584 710 1608 cum
748 1570 806 1608 his
838 1570 1107 1609 similitudinem
1138 1578 1327 1623 gererent,
1369 1571 1434 1609 sed
1470 1573 1550 1623 ipsa
1584 1578 1748 1623 tempora
1782 1570 1966 1609 interdum

216 1641 388 1678 miserum
414 1640 453 1675 in
478 1638 624 1675 modum
651 1638 920 1676 confunderent
945 1646 982 1676 et
1011 1640 1265 1689 perturbarent
1282 1639 1336 1691 2);
1376 1639 1476 1691 quod
1502 1641 1534 1676 si
1560 1638 1750 1689 probabile
1776 1640 1826 1675 sit
1852 1638 1968 1688 philo-

218 1706 326 1756 sophi
352 1705 504 1756 alicujus
533 1711 686 1743 aetatem
715 1705 787 1742 hoc
814 1706 968 1743 maxime
994 1712 1209 1756 argumento
1234 1712 1393 1743 notatam
1423 1720 1525 1753 esse,
1552 1713 1592 1742 ut
1619 1707 1651 1742 is
1680 1705 1830 1743 alterius
1857 1706 1969 1754 magi-

218 1781 294 1811 ster
321 1773 378 1810 vel
404 1772 602 1822 discipulus
628 1772 755 1809 baberi
780 1779 926 1822 posset,
962 1772 1070 1810 talem
1098 1774 1322 1810 notationem
1353 1786 1429 1809 non
1461 1773 1541 1809 sine
1566 1785 1707 1809 summa
1738 1773 1905 1809 cautione
1932 1773 1969 1807 in

217 1853 305 1877 usus
329 1845 474 1876 nostros
499 1838 660 1876 converti
679 1844 787 1888 posse
805 1838 914 1876 facile
936 1838 1181 1876 concedimus.
1234 1838 1329 1875 Nam
1352 1837 1453 1889 quod
1476 1839 1683 1888 posteriore
1703 1845 1833 1886 aetate,
1858 1851 1968 1888 quum

219 1921 362 1943 omnem
386 1907 462 1943 fere
485 1905 742 1956 philosophum
766 1912 886 1943 certae
912 1913 1034 1943 sectae
1060 1905 1244 1942 addictum
1270 1920 1352 1942 esse
1378 1905 1591 1955 oportebat,
1624 1907 1685 1942 vix
1713 1905 1792 1942 fieri
1817 1912 1970 1955 poterat,

218 1979 256 2009 ut·
280 1972 409 2023 aliquis
435 1973 513 2009 sine
538 1973 713 2023 magistro
732 1971 786 2008 ¹ad
814 1971 1011 2022 sapientiae
1038 1971 1305 2022 professionem
1331 1972 1556 2022 perveniret,
1581 1971 1788 2022 primordiis
1812 1971 1971 2022 philoso—

219 2040 325 2090 phiae
351 2041 477 2091 utique
504 2040 694 2086 convenit,
728 2053 883 2089 quorum
910 2053 952 2076 ea
983 2040 1021 2075 in
1050 2039 1121 2075 boc
1152 2052 1286 2089 genere
1313 2039 1453 2076 ruditas
1482 2046 1579 2086 erat,
1615 2047 1655 2076 ut
1681 2039 1737 2076 vel
1763 2038 1973 2089 philosophi

298 2198 324 2229 1)
347 2198 461 2223 Initium
481 2197 566 2234 liujus
586 2198 673 2224 studii
692 2198 793 2224 secisse
809 2197 918 2222 videtur
937 2196 1036 2222 Sotion
1057 2197 1082 2221 ἐν
1102 2197 1254 2229 διαδοχαῖς,
1274 2198 1312 2223 cf.
1327 2197 1413 2223 Jahn.
1430 2198 1530 2223 Archiv
1547 2198 1567 2222 s.
1584 2197 1684 2223 Philol.
1704 2197 1737 2222 T.
1748 2196 1784 2226 V,
1805 2206 1833 2231 p.
1846 2181 1901 2222 21,
1910 2206 1973 2232 sqq.

223 2254 250 2275 et
272 2249 414 2284 Roeperus
441 2250 469 2275 in
491 2249 700 2276 Schneidewini
725 2247 871 2283 Philologo
897 2248 930 2273 Τ.
952 2248 1006 2278 ΙΙΙ,
1033 2257 1062 2283 p.
1083 2247 1210 2278 22—25;
1238 2249 1328 2275 secuti
1348 2252 1414 2274 sunt
1433 2248 1588 2274 Sosientes
1607 2252 1635 2274 et
1654 2248 1836 2274 Antisthenes
1858 2248 1974 2275 Rhodii.

222 2301 379 2327 Alexander
400 2300 577 2336 Polyhistor,
605 2300 771 2326 Heracliae·
791 2299 932 2330 Lembos,
960 2299 1054 2325 Nicias
1080 2299 1260 2328 Nicaeensis.
1286 2300 1356 2329 alii,
1385 2301 1421 2326 de
1446 2300 1546 2335 quibus
1573 2300 1701 2326 universe
1720 2299 1838 2326 son-ins
1858 2300 1973 2335 Seripu.

221 2353 287 2378 hist.
309 2351 414 2387 philon.
436 2353 567 2379 Francos.
588 2352 625 2377 ad
642 2350 682 2377 Μ.
706 2350 787 2377 1659.
809 2351 822 2376 ⁴
846 2354 874 2377 et
895 2350 1014 2376 nundin
1034 2349 1137 2376 Geseh.
1159 2352 1187 2376 d.
1209 2351 1400 2385 gdech-rom.
1423 2352 1528 2378 Philos-
1548 2352 1583 2378 T.
1606 2352 1629 2382 Ι,
1650 2362 1679 2387 p.
1702 2351 1735 2377 3¹
1758 2361 1820 2387 sqq.

296 2404 325 2436 2)
347 2403 568 2439 insignissimum
589 2403 673 2439 hujus
693 2403 802 2438 generis
822 2402 977 2437 exemplum
998 2402 1181 2433 Aristoteles,
1203 2403 1324 2438 diligens
1343 2407 1496 2438 temporum
1518 2402 1698 2433 observ-tor,
1720 2404 1781 2439 ipse
1801 2404 1907 2429 not-vit
1926 2403 1975 2427 Po-

224 2455 294 2481 litic.
319 2455 356 2480 ll.
379 2455 405 2480 9.
429 2456 461 2481 5:
491 2454 559 2482 ἀλλὰ
578 2457 667 2482 ταῦτα
686 2456 731 2486 μὶν
751 2456 870 2488 λέγουσιν
889 2451 1080 2489 ἀσκεπτότερον
1100 2456 1152 2480 τῶν
1173 2455 1273 2489 χρόνων
1292 2455 1416 2486 λέγοντες.
