2155 2899
223 350 321 388 idem
344 364 461 388 annus
489 352 577 399 exit,
604 365 710 403 quem
736 351 920 389 Eusebius
946 352 1091 390 fatalem
1118 352 1227 404 hujus
1254 352 1388 403 edidit3
1417 353 1456 389 in
1479 359 1581 390 tanta
1609 353 1722 404 igitur
1749 367 1981 392 numerorum

225 419 478 458 convenientia
505 418 592 471 quid
618 426 674 458 est
705 419 804 471 quod
835 420 1031 472 plerosque
1064 421 1298 458 nihilominus
1333 423 1372 458 in
1404 419 1630 472 Apollodori
1662 429 1783 471 partes
1814 423 1982 473 impulit?

220 486 288 535 An
316 488 436 538 ipsum
462 487 668 524 Diodorum
694 500 819 525 secum
844 502 1010 540 pugnare
1035 503 1173 541 suaque
1201 490 1321 527 vineta
1349 488 1502 527 caedere
1534 488 1750 527 credamus?
1800 490 1979 527 Nimirum

222 554 321 591 hunc
354 560 482 592 testem
513 554 706 603 adhihent,
744 561 784 591 ut
818 553 1081 607 Anaxagoram
1114 555 1176 593 01.
1207 555 1444 595 LXXXVII
1477 570 1576 594 anno
1612 556 1776 595 secundo
1806 557 1979 595 archonte

221 621 381 659 Athenis
415 623 649 673 Euthydemo
681 622 874 671 impietatis
910 629 1120 659 accusatum
1154 636 1235 660 esse
1269 623 1457 670 evincant,
1494 636 1569 673 quo
1602 622 1702 659 facto
1728 623 1791 658 vix
1817 630 1901 659 ante
1926 637 1979 659 se-

222 695 391 741 quentem
424 688 682 740 Olympiadem
714 689 753 725 in
779 688 887 726 exilio
914 688 1167 738 Lampsaceno
1199 690 1293 726 mori
1324 690 1523 739 potuisset3
1563 696 1600 727 et
1631 703 1759 727 revera
1792 689 1978 727 Diodorus

220 756 283 794 illo
310 770 405 794 anuo
431 762 629 793 memorata
655 754 812 792 Phidiae
839 757 1072 793 accusatione
1100 756 1180 806 ejus
1207 770 1353 807 quoque
1381 757 1582 794 calumniae
1606 758 1786 803 meminit,
1813 770 1885 807 qua
1909 758 1979 793 Pe-

220 822 319 861 riclis
350 823 549 860 adversarii
575 822 685 873 hujus
712 822 926 872 magistrum
959 820 1221 874 Anaxagoram
1252 825 1431 874 persecuti
1462 825 1536 861 sint
1554 824 1629 876 ⁶7)3
1669 830 1707 861 at
1735 823 1863 861 eodem
1891 829 1978 860 tem—

219 904 310 941 pore
335 896 531 940 utrumque
557 889 766 927 damnatum
796 902 877 925 esse
901 902 969 926 nec
997 889 1093 927 clare
1120 890 1227 938 dicit,
1263 904 1330 928 nec
1357 893 1389 928 si
1415 892 1569 928 maxime
1593 891 1752 937 diceret,
1787 891 1857 927 alia
1884 904 1977 940 quae

220 956 266 994 de
288 957 358 993 hac
383 956 562 993 calumnia
588 961 760 993 constant
782 967 866 992 vere
890 968 971 993 eum
998 956 1119 995 dicere
1144 963 1365 1008 paterentur.
1419 957 1540 996 Verba
1568 966 1667 996 certe
1695 958 1855 996 Diodori
1883 958 1974 996 haec

219 1030 360 1061 tautum
395 1025 605 1070 continent,
643 1023 919 1061 calumniatores
953 1030 1049 1072 tum,
1089 1039 1199 1075 quum
1232 1025 1278 1063 de
1309 1025 1466 1062 Phidiae
1500 1026 1692 1077 sacrilegio
1725 1032 1975 1076 quaereretur,

220 1090 467 1142 Anaxagorae
503 1105 649 1142 quoque
683 1092 903 1141 impietatem
938 1094 1122 1143 arguisse,
1160 1100 1201 1130 ut
1237 1095 1420 1129 communi
1453 1094 1642 1144 utriusque
1680 1094 1798 1129 amico
1834 1092 1974 1129 Pericli

219 1158 393 1194 invidiam
418 1158 603 1208 facerent5
638 1160 756 1208 ipsum
782 1165 904 1196 tamen
929 1158 1190 1210 Anaxagoram
1219 1160 1328 1196 etiam
1355 1166 1430 1196 tum
1456 1160 1591 1197 vixisse
1618 1172 1691 1196 uon
1715 1159 1870 1205 docent,
1906 1157 1973 1195 sed

219 1231 373 1274 possunt
400 1226 508 1261 etiam
535 1224 581 1261 ad
608 1225 835 1275 disciplinam
861 1226 1020 1262 hominis
1047 1227 1250 1276 veterisque
1272 1225 1403 1276 judicii
1431 1227 1639 1263 memoriam
1670 1225 1821 1272 referr13
1859 1224 1971 1275 idque

220 1299 262 1329 ut
285 1292 395 1343 longe
420 1291 672 1342 praestabilius
692 1291 875 1343 judicem,
901 1294 1130 1345 Thucydidis
1157 1295 1292 1332 mentio
1317 1294 1446 1341 efficit,
1474 1307 1581 1344 quem
1610 1293 1787 1344 Satyrus,
1810 1292 1968 1343 diligens

219 1359 548 1396 veteris-historiae
572 1359 768 1409 inquisitor
779 1358 847 1411 68),
874 1358 1134 1411 Anaxagoram
1161 1373 1353 1398 accusasse
1377 1360 1601 1412 tradidit69),
1628 1360 1805 1398 Melesiae
1827 1359 1970 1396 scilicet

220 1426 355 1473 filium,
393 1425 499 1476 cujus
532 1431 617 1476 post
643 1424 706 1463 01.
733 1426 948 1464 LXXXIV
979 1426 1076 1464 nulla
1110 1427 1261 1477 amplius
1295 1434 1359 1465 aut
1385 1428 1423 1464 in
1454 1442 1494 1465 re
1526 1427 1671 1479 publica
1705 1427 1869 1478 potentia
1907 1433 1970 1463 aut

221 1508 304 1531 cum
334 1494 480 1531 Pericle
506 1495 670 1531 simultas
699 1494 769 1531 fuit
786 1494 860 1546 ⁷⁰);
901 1494 1066 1531 Sotionis
1102 1502 1219 1532 autem
1250 1496 1512 1542 testimonium,
1546 1496 1610 1545 qui
1637 1494 1812 1531 Cleonem
1845 1494 1968 1542 potius

221 1568 469 1598 accusatorem
496 1562 706 1609 nominavit,
732 1562 814 1611 ipso
838 1562 1082 1598 accusationis
1110 1568 1325 1612 argumento
1351 1561 1522 1612 redargui
1546 1561 1699 1598 videtur.
1752 1561 1865 1598 Mitto
1887 1560 1968 1596 Me·

221 1628 389 1675 dismum,
418 1628 522 1678 cujus
546 1628 702 1678 Satyrus
725 1642 826 1664 reum
847 1634 966 1663 actum
987 1641 1067 1664 esse
1089 1628 1249 1674 tradidit,
1278 1629 1336 1664 cui
1361 1629 1503 1664 crimini
1522 1629 1648 1678 utique
1671 1627 1734 1664 Ol.
1751 1627 1968 1663 LXXVIII

220 1697 341 1746 potius
380 1709 487 1747 quem
521 1694 760 1733 LXXXVII
793 1693 897 1731 locus
934 1701 1029 1744 erat3
1080 1693 1145 1732 sed
1180 1695 1258 1745 ipse
1294 1694 1424 1733 Sotion
1462 1694 1533 1732 hoc
1573 1695 1817 1732 accusationis
1859 1702 1969 1744 caput

276 1870 322 1903 67)
344 1870 460 1895 Diodor.
481 1869 543 1895 XII.
561 1869 612 1894 39:
634 1868 700 1904 πρδς
720 1871 750 1895 δὲ
768 1868 874 1899 τούτοις
892 1868 1075 1904 Ἀναξαγόραν
1093 1869 1139 1895 ‘niv
1159 1869 1294 1904 σοφιστὴν,
1312 1869 1474 1895 διδᾶσκαλον
1493 1868 1557 1895 ι’ἰντα
1577 1870 1748 1904 Περικλέους,
1768 1867 1801 1898 οἷς
1821 1868 1966 1900 ἀσεβοῦντα

220 1923 255 1950 fic
273 1919 335 1950 τούς
355 1919 434 1950 θεοιῗς
453 1919 660 1954 ἐσυκοφάντουν,
680 1921 833 1947 diminitum
851 1918 877 1946 δ’
896 1922 921 1946 ἓν
940 1926 999 1949 ταῖς
1018 1923 1179 1955 κατηγορίας
1196 1922 1241 1946 καὶ
1259 1921 1400 1953 διαβολαῖς
1419 1919 1464 1946 τᾶν
1485 1922 1616 1956 Περικλέα
1636 1919 1682 1947 διὰ
1702 1921 1749 1946 τᾶν
1768 1918 1867 1951 φθόνον
1886 1918 1967 1945 onuf-

221 1974 311 2001 dome.-
329 1972 467 2004 διαβαλεῖν
486 1969 534 2006 τήν
554 1969 670 2006 τιίνδρός
689 1969 820 2007 ιῗπεροχὴν
839 1981 866 1997 τε
886 1973 930 1996 καὶ
949 1971 1041 2000 δόξαις
1069 1971 1107 1996 cf.
1132 1970 1243 1997 Mulier.
1265 1972 1299 1997 de
1320 1970 1435 1997 Phidiae
1455 1973 1512 1997 vita
1537 1981 1566 2006 p.
1589 1971 1623 1996 30
1644 1981 1706 2006 sqq.
1738 1976 1765 1997 et
1788 1971 1909 1996 Clarissc
1930 1971 1965 1995 de

222 2023 276 2048 vita
298 2022 424 2052 Periclis,
442 2022 519 2055 Traj.
541 2022 577 2046 ad
597 2021 652 2046 Rh.
675 2021 756 2046 1834.
777 2021 806 2052 8,
826 2031 855 2056 p.
876 2021 929 2046 225
950 2030 1012 2055 sqq.

276 2085 323 2115 68)
343 2085 386 2111 Cf.
409 2085 489 2111 Phot.
510 2084 584 2111 Bibl.
606 2094 634 2120 p.
659 2085 705 2111 ¹51
728 2086 772 2111 ed.
795 2085 898 2111 Bekk.=
920 2083 1044 2121 Σάτυρος
1063 2084 1089 2111 δ’
1106 2083 1119 2111 ὅ
1139 2083 1320 2121 ’Λριστάρχου
1341 2083 1473 2119 γνώριμος
1492 2084 1559 2120 ζῆτα
1577 2086 1695 2111 ἐκαλεῖτο
1713 2084 1759 2111 dm*
1779 2085 1808 2110 τὸ
1827 2083 1968 2119 ζητητικόν

221 2135 319 2169 «nit-017,
338 2137 473 2171 pluraque
493 2137 521 2161 iu
542 2137 614 2171 disp.
636 2141 749 2165 nostra.
775 2146 830 2170 qua
848 2146 909 2162 eum
929 2146 944 2161 a
967 2136 1069 2162 Luzaci
1089 2137 1236 2162 calumniis
1256 2136 1458 2161 vindicavimus
1471 2154 1478 2165 ,
1506 2140 1571 2160 ante
1594 2136 1701 2160 ludices
1720 2136 1798 2160 lectt.
1820 2134 1968 2168 Marburg.

223 2186 306 2217 1840,
327 2196 355 2222 p.
377 2196 401 2212 ιν
424 2195 465 2221 sq.

277 2251 323 2284 69)
344 2252 427 2285 Diog.
450 2250 482 2276 L.
505 2251 542 2276 ΙΙ.
566 2250 614 2276 12:
643 2249 767 2286 Σάτυρος
785 2252 814 2276 δὲ
834 2252 860 2275 ἓν
880 2257 937 2279 τοῖς
954 2253 1022 2282 βίοις
1044 2248 1096 2275 ιῗπᾰ
1115 2250 1285 2276 Θουκυδίδου
1304 2252 1384 2284 φησὶν
1402 2252 1559 2285 εὶςαχθῆναι
1578 2247 1625 2284 τήν
1643 2251 1730 2282 δίκην,
1750 2247 1968 2274 armantarman-

221 2305 299 2332 μένου
319 2303 356 2336 τῷ
375 2303 513 2337 Περικλεῖ·
531 2304 575 2327 καὶ
594 2299 625 2326 οὗ
643 2301 721 2332 μόνον
739 2299 859 2333 defi-‘luc
878 2298 948 2326 α’λλιὶ
966 2303 1011 2326 καὶ
1027 2301 1173 2335 μηδισμοῦ,
1194 2303 1239 2326 καὶ
1257 2299 1361 2326 α’πόντα
1381 2302 1615 2335 καιαδικσιοθὴναι
1632 2298 1766 2326 θανάτοιν.

276 2366 323 2399 70)
343 2366 461 2392 Biittner
486 2365 585 2391 Gcsch.
611 2366 639 2390 d·
661 2366 743 2400 polit.
767 2365 899 2390 fletis-iem
925 2365 954 2389 in
980 2364 1069 2390 Athen
1096 2373 1126 2398 p.
1147 2364 1200 2389 422
1230 2364 1304 2389 ἀίει-ο
1327 2364 1555 2400 Ueberleqenkeit
1577 2364 1685 2390 machte
1712 2373 1740 2389 es
1764 2363 1825 2389 den
1845 2363 1967 2389 Perit-les

221 2416 343 2452 mffqlich
361 2417 398 2442 im
416 2416 508 2442 Jahn-e
526 2416 590 2441 444
609 2415 655 2442 die
674 2415 704 2441 V
701 2416 863 2451 ‘rhamno-3
882 2414 929 2440 des
950 2414 1132 2450 Thukydides
1153 2415 1213 2441 mul
1231 2415 1276 2440 die
1293 2416 1451 2452 Auflfisunq
1470 2416 1559 2440 teiner-
1573 2415 1693 2441 Iletuirie
1711 2423 1745 2440 :u
1766 2414 1903 2440 bewirkeu
1914 2432 1921 2439 .
1937 2432 1943 2438 .
1959 2432 1965 2437 .

222 2468 295 2493 uach
314 2468 474 2504 defluis-unq
494 2467 636 2493 denelben
653 2476 772 2503 qewmm
791 2476 820 2492 er
837 2466 916 2491 Ire-ine
933 2466 1101 2502 Bedeutunq
1122 2466 1198 2491 mehr
1217 2467 1255 2491 im
1273 2466 1387 2496 Stante,
1414 2466 1542 2502 obqlei'cb
1564 2476 1592 2492 er
1618 2467 1703 2501 lanqe
1721 2474 1772 2491 vor
1790 2464 1909 2498 Ablauf
1919 2463 1968 2488 der

221 2519 450 2556 qesetzmcissiqen
468 2518 537 2544 zelun
555 2517 647 2543 Jahn-e
665 2516 766 2543 wieder
785 2516 1001 2554 zuruckqekehrt
1019 2526 1096 2548 ωανς
1127 2517 1165 2543 cf.
1187 2516 1321 2543 Sintenis.
1342 2517 1376 2542 ad
1397 2517 1472 2543 Plut.
1494 2518 1527 2543 V.
1552 2518 1653 2545 Pericl.
1677 2527 1706 2552 p.
1729 2515 1781 2542 118
1807 2520 1835 2541 et
1853 2514 1966 2540 Wachs-

221 2572 310 2598 muns.
331 2571 399 2598 hell.
420 2569 538 2597 Alterlh.
560 2569 593 2595 Τ.
616 2569 640 2599 1,
658 2578 686 2604 p.
710 2568 772 2594 584.
