<?xml version="1.0" encoding="UTF-8"?>
<!DOCTYPE html PUBLIC "-//W3C//DTD XHTML 1.0 Transitional//EN"
    "http://www.w3.org/TR/xhtml1/DTD/xhtml1-transitional.dtd">
<html xmlns="http://www.w3.org/1999/xhtml" xml:lang="en" lang="en">
 <head>
  <title>
</title>
<meta http-equiv="Content-Type" content="text/html;charset=utf-8" />
  <meta name='ocr-system' content='tesseract 3.04.00' />
  <meta name='ocr-capabilities' content='ocr_page ocr_carea ocr_par ocr_line ocrx_word'/>
</head>
<body>
  <div class='ocr_page' id='page_1' title='image "./4627422_0009.png"; bbox 0 0 2155 2899; ppageno 0'>
   <div class='ocr_carea' id='block_1_1' title="bbox 223 593 1984 765">
    <p class='ocr_par' dir='ltr' id='par_1_1' title="bbox 223 593 1984 765">
     <span class='ocr_line' id='line_1_1' title="bbox 223 593 1984 694; baseline -0.001 -15"><span class='ocrx_word' id='word_1_1' title='bbox 223 593 447 679; x_wconf 86' lang='lat' dir='ltr'><strong>Novum</strong></span> <span class='ocrx_word' id='word_1_2' title='bbox 486 636 818 692; x_wconf 87' lang='lat' dir='ltr'><strong>Prorectorem,</strong></span> <span class='ocrx_word' id='word_1_3' title='bbox 868 637 1052 681; x_wconf 85' lang='lat' dir='ltr'><strong>eundem</strong></span> <span class='ocrx_word' id='word_1_4' title='bbox 1092 645 1236 681; x_wconf 88' lang='lat' dir='ltr'><strong>tamen</strong></span> <span class='ocrx_word' id='word_1_5' title='bbox 1281 639 1328 680; x_wconf 89' lang='lat' dir='ltr'><strong>in</strong></span> <span class='ocrx_word' id='word_1_6' title='bbox 1370 636 1535 680; x_wconf 90' lang='lat' dir='ltr'><strong>eisdem</strong></span> <span class='ocrx_word' id='word_1_7' title='bbox 1580 636 1772 694; x_wconf 75' lang='lat' dir='ltr'><strong>negotiis</strong></span> <span class='ocrx_word' id='word_1_8' title='bbox 1821 634 1984 678; x_wconf 89' lang='lat' dir='ltr'><strong>dudum</strong></span> 
     </span>
     <span class='ocr_line' id='line_1_2' title="bbox 224 705 1982 765; baseline 0 -17"><span class='ocrx_word' id='word_1_9' title='bbox 224 712 465 764; x_wconf 85' lang='lat' dir='ltr'><strong>spectatum</strong></span> <span class='ocrx_word' id='word_1_10' title='bbox 494 713 539 749; x_wconf 91' lang='lat' dir='ltr'><strong>et</strong></span> <span class='ocrx_word' id='word_1_11' title='bbox 567 708 798 765; x_wconf 87' lang='lat' dir='ltr'><strong>probatum</strong></span> <span class='ocrx_word' id='word_1_12' title='bbox 837 708 1048 751; x_wconf 88' lang='lat' dir='ltr'><strong>renuncio</strong></span> <span class='ocrx_word' id='word_1_13' title='bbox 1085 709 1226 750; x_wconf 86' lang='lat' dir='ltr'><strong>virum</strong></span> <span class='ocrx_word' id='word_1_14' title='bbox 1265 723 1431 751; x_wconf 90' lang='lat' dir='ltr'><strong>summe</strong></span> <span class='ocrx_word' id='word_1_15' title='bbox 1469 705 1783 759; x_wconf 76' lang='lat' dir='ltr'><strong>reverendum,</strong></span> <span class='ocrx_word' id='word_1_16' title='bbox 1832 705 1982 748; x_wconf 87' lang='lat' dir='ltr'><strong>claris-</strong></span> 
     </span>
    </p>
   </div>
   <div class='ocr_carea' id='block_1_2' title="bbox 221 776 749 834">
    <p class='ocr_par' dir='ltr' id='par_1_2' title="bbox 221 776 749 834">
     <span class='ocr_line' id='line_1_3' title="bbox 221 776 749 834; baseline 0.002 -16"><span class='ocrx_word' id='word_1_17' title='bbox 221 776 380 819; x_wconf 89' lang='lat' dir='ltr'><strong>simum</strong></span> <span class='ocrx_word' id='word_1_18' title='bbox 392 807 407 831; x_wconf 74' lang='grc'>,</span> <span class='ocrx_word' id='word_1_19' title='bbox 446 777 749 834; x_wconf 75' lang='lat' dir='ltr'><strong>gravissimum</strong></span> 
     </span>
    </p>
   </div>
   <div class='ocr_carea' id='block_1_3' title="bbox 385 863 1813 924">
    <p class='ocr_par' dir='ltr' id='par_1_3' title="bbox 385 863 1813 924">
     <span class='ocr_line' id='line_1_4' title="bbox 385 863 1813 924; baseline -0.001 -4"><span class='ocrx_word' id='word_1_20' title='bbox 385 864 615 924; x_wconf 76' lang='lat' dir='ltr'><strong>Jon-</strong></span> <span class='ocrx_word' id='word_1_21' title='bbox 652 865 876 921; x_wconf 68' lang='lat' dir='ltr'><strong>CAR.</strong></span> <span class='ocrx_word' id='word_1_22' title='bbox 912 865 1138 921; x_wconf 67' lang='lat'><strong>111111.</strong></span> <span class='ocrx_word' id='word_1_23' title='bbox 1177 864 1676 921; x_wconf 69' lang='lat' dir='ltr'><strong>GIESEIAER</strong></span> <span class='ocrx_word' id='word_1_24' title='bbox 1714 863 1813 919; x_wconf 77' lang='lat' dir='ltr'><strong>l).</strong></span> 
     </span>
    </p>
   </div>
   <div class='ocr_carea' id='block_1_4' title="bbox 218 961 1976 1438">
    <p class='ocr_par' dir='ltr' id='par_1_4' title="bbox 218 961 1976 1438">
     <span class='ocr_line' id='line_1_5' title="bbox 221 961 1976 1021; baseline 0 -16"><span class='ocrx_word' id='word_1_25' title='bbox 221 963 296 1021; x_wconf 91' lang='lat' dir='ltr'><strong>qui</strong></span> <span class='ocrx_word' id='word_1_26' title='bbox 334 965 387 1005; x_wconf 90' lang='lat' dir='ltr'><strong>ab</strong></span> <span class='ocrx_word' id='word_1_27' title='bbox 428 962 755 1021; x_wconf 79' lang='lat' dir='ltr'><strong>Augustissimo</strong></span> <span class='ocrx_word' id='word_1_28' title='bbox 795 962 917 1021; x_wconf 78' lang='lat' dir='ltr'><strong>Rege</strong></span> <span class='ocrx_word' id='word_1_29' title='bbox 954 963 1190 1006; x_wconf 89' lang='lat' dir='ltr'><strong>clementer</strong></span> <span class='ocrx_word' id='word_1_30' title='bbox 1220 964 1500 1006; x_wconf 86' lang='lat' dir='ltr'><strong>confirmatus</strong></span> <span class='ocrx_word' id='word_1_31' title='bbox 1530 961 1743 1005; x_wconf 78' lang='lat' dir='ltr'><strong>Kalendis</strong></span> <span class='ocrx_word' id='word_1_32' title='bbox 1778 961 1976 1020; x_wconf 90' lang='lat' dir='ltr'><strong>Septem-</strong></span> 
     </span>
     <span class='ocr_line' id='line_1_6' title="bbox 219 1032 1975 1090; baseline 0 -16"><span class='ocrx_word' id='word_1_33' title='bbox 219 1033 373 1075; x_wconf 87' lang='lat' dir='ltr'><strong>bribus</strong></span> <span class='ocrx_word' id='word_1_34' title='bbox 412 1032 555 1075; x_wconf 82' lang='lat' dir='ltr'><strong>fasces</strong></span> <span class='ocrx_word' id='word_1_35' title='bbox 592 1032 865 1075; x_wconf 82' lang='lat' dir='ltr'><strong>academicos</strong></span> <span class='ocrx_word' id='word_1_36' title='bbox 896 1032 1040 1074; x_wconf 88' lang='lat' dir='ltr'><strong>denuo</strong></span> <span class='ocrx_word' id='word_1_37' title='bbox 1070 1033 1294 1090; x_wconf 79' lang='lat' dir='ltr'><strong>suscipiet.</strong></span> <span class='ocrx_word' id='word_1_38' title='bbox 1360 1033 1450 1088; x_wconf 82' lang='lat' dir='ltr'><strong>Qui</strong></span> <span class='ocrx_word' id='word_1_39' title='bbox 1482 1034 1564 1074; x_wconf 89' lang='lat' dir='ltr'><strong>etsi</strong></span> <span class='ocrx_word' id='word_1_40' title='bbox 1595 1033 1774 1074; x_wconf 86' lang='lat' dir='ltr'><strong>biennio</strong></span> <span class='ocrx_word' id='word_1_41' title='bbox 1806 1038 1975 1075; x_wconf 88' lang='lat' dir='ltr'><strong>tantum</strong></span> 
     </span>
     <span class='ocr_line' id='line_1_7' title="bbox 220 1101 1973 1158; baseline 0.001 -15"><span class='ocrx_word' id='word_1_42' title='bbox 220 1102 454 1158; x_wconf 87' lang='lat' dir='ltr'><strong>interjecto</strong></span> <span class='ocrx_word' id='word_1_43' title='bbox 486 1101 541 1144; x_wconf 92' lang='lat' dir='ltr'><strong>ad</strong></span> <span class='ocrx_word' id='word_1_44' title='bbox 572 1102 689 1144; x_wconf 88' lang='lat' dir='ltr'><strong>idem</strong></span> <span class='ocrx_word' id='word_1_45' title='bbox 716 1117 872 1144; x_wconf 87' lang='lat' dir='ltr'><strong>munus</strong></span> <span class='ocrx_word' id='word_1_46' title='bbox 905 1101 1043 1155; x_wconf 80' lang='lat' dir='ltr'><strong>redit,</strong></span> <span class='ocrx_word' id='word_1_47' title='bbox 1086 1116 1137 1143; x_wconf 93' lang='lat' dir='ltr'><strong>eo</strong></span> <span class='ocrx_word' id='word_1_48' title='bbox 1173 1102 1270 1158; x_wconf 93' lang='lat' dir='ltr'><strong>ipso</strong></span> <span class='ocrx_word' id='word_1_49' title='bbox 1298 1108 1442 1144; x_wconf 89' lang='lat' dir='ltr'><strong>tamen</strong></span> <span class='ocrx_word' id='word_1_50' title='bbox 1472 1102 1652 1144; x_wconf 87' lang='lat' dir='ltr'><strong>biennio</strong></span> <span class='ocrx_word' id='word_1_51' title='bbox 1678 1108 1797 1143; x_wconf 85' lang='lat' dir='ltr'><strong>tanta</strong></span> <span class='ocrx_word' id='word_1_52' title='bbox 1825 1117 1973 1144; x_wconf 88' lang='lat' dir='ltr'><strong>rerum</strong></span> 
     </span>
     <span class='ocr_line' id='line_1_8' title="bbox 218 1171 1974 1224; baseline -0.001 -11"><span class='ocrx_word' id='word_1_53' title='bbox 218 1178 468 1213; x_wconf 82' lang='lat' dir='ltr'><strong>nostrarum</strong></span> <span class='ocrx_word' id='word_1_54' title='bbox 506 1172 687 1213; x_wconf 91' lang='lat' dir='ltr'><strong>mutatio</strong></span> <span class='ocrx_word' id='word_1_55' title='bbox 726 1171 841 1213; x_wconf 79' lang='lat' dir='ltr'><strong>faeta</strong></span> <span class='ocrx_word' id='word_1_56' title='bbox 878 1177 966 1224; x_wconf 83' lang='lat' dir='ltr'><strong>est,</strong></span> <span class='ocrx_word' id='word_1_57' title='bbox 1014 1177 1063 1212; x_wconf 86' lang='lat' dir='ltr'><strong>ut</strong></span> <span class='ocrx_word' id='word_1_58' title='bbox 1098 1171 1168 1213; x_wconf 84' lang='lat' dir='ltr'><strong>vel</strong></span> <span class='ocrx_word' id='word_1_59' title='bbox 1204 1172 1565 1213; x_wconf 83' lang='lat' dir='ltr'><strong>exercitatissimo</strong></span> <span class='ocrx_word' id='word_1_60' title='bbox 1604 1171 1738 1212; x_wconf 86' lang='lat' dir='ltr'><strong>multa</strong></span> <span class='ocrx_word' id='word_1_61' title='bbox 1775 1186 1889 1213; x_wconf 87' lang='lat' dir='ltr'><strong>nova</strong></span> <span class='ocrx_word' id='word_1_62' title='bbox 1930 1178 1974 1213; x_wconf 85' lang='lat' dir='ltr'><strong>et</strong></span> 
     </span>
     <span class='ocr_line' id='line_1_9' title="bbox 218 1240 1970 1298; baseline 0 -17"><span class='ocrx_word' id='word_1_63' title='bbox 218 1241 395 1283; x_wconf 86' lang='lat' dir='ltr'><strong>insolita</strong></span> <span class='ocrx_word' id='word_1_64' title='bbox 426 1240 625 1282; x_wconf 86' lang='lat' dir='ltr'><strong>accidere</strong></span> <span class='ocrx_word' id='word_1_65' title='bbox 655 1240 848 1298; x_wconf 78' lang='lat' dir='ltr'><strong>possint3</strong></span> <span class='ocrx_word' id='word_1_66' title='bbox 888 1256 1039 1282; x_wconf 88' lang='lat' dir='ltr'><strong>omnes</strong></span> <span class='ocrx_word' id='word_1_67' title='bbox 1067 1241 1201 1297; x_wconf 78' lang='lat' dir='ltr'><strong>igitur</strong></span> <span class='ocrx_word' id='word_1_68' title='bbox 1229 1257 1413 1298; x_wconf 87' lang='lat' dir='ltr'><strong>quorum</strong></span> <span class='ocrx_word' id='word_1_69' title='bbox 1441 1241 1624 1282; x_wconf 88' lang='lat' dir='ltr'><strong>interest</strong></span> <span class='ocrx_word' id='word_1_70' title='bbox 1653 1240 1810 1281; x_wconf 83' lang='lat' dir='ltr'><strong>hortor</strong></span> <span class='ocrx_word' id='word_1_71' title='bbox 1839 1246 1970 1297; x_wconf 90' lang='lat' dir='ltr'><strong>atque</strong></span> 
     </span>
     <span class='ocr_line' id='line_1_10' title="bbox 218 1310 1969 1367; baseline -0.001 -14"><span class='ocrx_word' id='word_1_72' title='bbox 218 1327 394 1365; x_wconf 81' lang='lat' dir='ltr'><strong>moneo,</strong></span> <span class='ocrx_word' id='word_1_73' title='bbox 428 1318 475 1353; x_wconf 94' lang='lat' dir='ltr'><strong>ut</strong></span> <span class='ocrx_word' id='word_1_74' title='bbox 504 1312 731 1353; x_wconf 87' lang='lat' dir='ltr'><strong>honestate</strong></span> <span class='ocrx_word' id='word_1_75' title='bbox 761 1317 805 1353; x_wconf 88' lang='lat' dir='ltr'><strong>et</strong></span> <span class='ocrx_word' id='word_1_76' title='bbox 830 1311 1040 1367; x_wconf 90' lang='lat' dir='ltr'><strong>obsequio</strong></span> <span class='ocrx_word' id='word_1_77' title='bbox 1067 1310 1240 1353; x_wconf 88' lang='lat' dir='ltr'><strong>labores</strong></span> <span class='ocrx_word' id='word_1_78' title='bbox 1271 1312 1389 1353; x_wconf 88' lang='lat' dir='ltr'><strong>illius</strong></span> <span class='ocrx_word' id='word_1_79' title='bbox 1420 1311 1617 1353; x_wconf 87' lang='lat' dir='ltr'><strong>minuant</strong></span> <span class='ocrx_word' id='word_1_80' title='bbox 1648 1311 1873 1366; x_wconf 84' lang='lat' dir='ltr'><strong>ipsamque</strong></span> <span class='ocrx_word' id='word_1_81' title='bbox 1902 1326 1969 1351; x_wconf 85' lang='lat' dir='ltr'><strong>re-</strong></span> 
     </span>
     <span class='ocr_line' id='line_1_11' title="bbox 219 1381 1969 1438; baseline -0.001 -16"><span class='ocrx_word' id='word_1_82' title='bbox 219 1388 389 1423; x_wconf 87' lang='lat' dir='ltr'><strong>centem</strong></span> <span class='ocrx_word' id='word_1_83' title='bbox 418 1382 663 1422; x_wconf 85' lang='lat' dir='ltr'><strong>libertatem</strong></span> <span class='ocrx_word' id='word_1_84' title='bbox 693 1381 811 1422; x_wconf 82' lang='lat' dir='ltr'><strong>nulla</strong></span> <span class='ocrx_word' id='word_1_85' title='bbox 843 1396 890 1421; x_wconf 87' lang='lat' dir='ltr'><strong>re</strong></span> <span class='ocrx_word' id='word_1_86' title='bbox 921 1381 1058 1437; x_wconf 73' lang='lat' dir='ltr'><strong>magis</strong></span> <span class='ocrx_word' id='word_1_87' title='bbox 1090 1396 1218 1437; x_wconf 88' lang='lat' dir='ltr'><strong>quam</strong></span> <span class='ocrx_word' id='word_1_88' title='bbox 1248 1382 1451 1438; x_wconf 84' lang='lat' dir='ltr'><strong>prudenti</strong></span> <span class='ocrx_word' id='word_1_89' title='bbox 1482 1388 1525 1423; x_wconf 87' lang='lat' dir='ltr'><strong>et</strong></span> <span class='ocrx_word' id='word_1_90' title='bbox 1554 1381 1705 1422; x_wconf 88' lang='lat' dir='ltr'><strong>sobrio</strong></span> <span class='ocrx_word' id='word_1_91' title='bbox 1735 1396 1818 1421; x_wconf 88' lang='lat' dir='ltr'><strong>usu</strong></span> <span class='ocrx_word' id='word_1_92' title='bbox 1850 1395 1969 1422; x_wconf 86' lang='lat' dir='ltr'><strong>com-</strong></span> 
     </span>
    </p>
   </div>
   <div class='ocr_carea' id='block_1_5' title="bbox 216 1451 969 1508">
    <p class='ocr_par' dir='ltr' id='par_1_5' title="bbox 216 1451 969 1508">
     <span class='ocr_line' id='line_1_12' title="bbox 216 1451 969 1508; baseline -0.003 -15"><span class='ocrx_word' id='word_1_93' title='bbox 216 1451 414 1494; x_wconf 85' lang='lat' dir='ltr'><strong>mendari</strong></span> <span class='ocrx_word' id='word_1_94' title='bbox 446 1457 489 1494; x_wconf 92' lang='lat' dir='ltr'><strong>et</strong></span> <span class='ocrx_word' id='word_1_95' title='bbox 519 1451 682 1493; x_wconf 87' lang='lat' dir='ltr'><strong>firmari</strong></span> <span class='ocrx_word' id='word_1_96' title='bbox 713 1451 969 1508; x_wconf 77' lang='lat' dir='ltr'><strong>recogitent.</strong></span> 
     </span>
    </p>
   </div>
   <div class='ocr_carea' id='block_1_6' title="bbox 207 1583 1968 2480">
    <p class='ocr_par' dir='ltr' id='par_1_6' title="bbox 207 1583 1968 2480">
     <span class='ocr_line' id='line_1_13' title="bbox 332 1583 1966 1640; baseline -0.001 -15"><span class='ocrx_word' id='word_1_97' title='bbox 332 1583 476 1626; x_wconf 86' lang='lat' dir='ltr'><strong>Nobis</strong></span> <span class='ocrx_word' id='word_1_98' title='bbox 504 1590 673 1638; x_wconf 85' lang='lat' dir='ltr'><strong>autem,</strong></span> <span class='ocrx_word' id='word_1_99' title='bbox 714 1590 762 1626; x_wconf 91' lang='lat' dir='ltr'><strong>ut</strong></span> <span class='ocrx_word' id='word_1_100' title='bbox 792 1585 970 1627; x_wconf 88' lang='lat' dir='ltr'><strong>omnino</strong></span> <span class='ocrx_word' id='word_1_101' title='bbox 1001 1584 1289 1628; x_wconf 88' lang='lat' dir='ltr'><strong>libentissime</strong></span> <span class='ocrx_word' id='word_1_102' title='bbox 1321 1601 1375 1628; x_wconf 85' lang='lat' dir='ltr'><strong>ex</strong></span> <span class='ocrx_word' id='word_1_103' title='bbox 1402 1586 1560 1627; x_wconf 89' lang='lat' dir='ltr'><strong>horum</strong></span> <span class='ocrx_word' id='word_1_104' title='bbox 1590 1590 1838 1640; x_wconf 87' lang='lat' dir='ltr'><strong>temporum</strong></span> <span class='ocrx_word' id='word_1_105' title='bbox 1868 1598 1966 1640; x_wconf 87' lang='lat' dir='ltr'><strong>per-</strong></span> 
     </span>
     <span class='ocr_line' id='line_1_14' title="bbox 215 1653 1968 1713; baseline 0 -19"><span class='ocrx_word' id='word_1_106' title='bbox 215 1654 462 1695; x_wconf 78' lang='lat' dir='ltr'><strong>turbatione</strong></span> <span class='ocrx_word' id='word_1_107' title='bbox 495 1661 538 1695; x_wconf 91' lang='lat' dir='ltr'><strong>et</strong></span> <span class='ocrx_word' id='word_1_108' title='bbox 568 1654 788 1695; x_wconf 79' lang='lat' dir='ltr'><strong>discordia</strong></span> <span class='ocrx_word' id='word_1_109' title='bbox 820 1655 876 1695; x_wconf 89' lang='lat' dir='ltr'><strong>ad</strong></span> <span class='ocrx_word' id='word_1_110' title='bbox 906 1662 1055 1696; x_wconf 85' lang='lat' dir='ltr'><strong>sancta</strong></span> <span class='ocrx_word' id='word_1_111' title='bbox 1086 1656 1355 1713; x_wconf 77' lang='lat' dir='ltr'><strong>antiquitatis</strong></span> <span class='ocrx_word' id='word_1_112' title='bbox 1389 1655 1530 1712; x_wconf 83' lang='lat' dir='ltr'><strong>spatia</strong></span> <span class='ocrx_word' id='word_1_113' title='bbox 1559 1653 1865 1709; x_wconf 73' lang='lat' dir='ltr'><strong>confugimus,</strong></span> <span class='ocrx_word' id='word_1_114' title='bbox 1908 1654 1968 1694; x_wconf 85' lang='lat' dir='ltr'><strong>ita</strong></span> 
     </span>
     <span class='ocr_line' id='line_1_15' title="bbox 214 1722 1966 1781; baseline -0.001 -17"><span class='ocrx_word' id='word_1_115' title='bbox 214 1738 329 1765; x_wconf 88' lang='lat' dir='ltr'><strong>nunc</strong></span> <span class='ocrx_word' id='word_1_116' title='bbox 362 1738 534 1780; x_wconf 86' lang='lat' dir='ltr'><strong>quoque</strong></span> <span class='ocrx_word' id='word_1_117' title='bbox 565 1724 620 1765; x_wconf 84' lang='lat' dir='ltr'><strong>ab</strong></span> <span class='ocrx_word' id='word_1_118' title='bbox 651 1723 835 1781; x_wconf 86' lang='lat' dir='ltr'><strong>hujusce</strong></span> <span class='ocrx_word' id='word_1_119' title='bbox 867 1724 955 1766; x_wconf 92' lang='lat' dir='ltr'><strong>diei</strong></span> <span class='ocrx_word' id='word_1_120' title='bbox 992 1725 1169 1767; x_wconf 83' lang='lat' dir='ltr'><strong>fortuna</strong></span> <span class='ocrx_word' id='word_1_121' title='bbox 1204 1724 1260 1767; x_wconf 88' lang='lat' dir='ltr'><strong>ad</strong></span> <span class='ocrx_word' id='word_1_122' title='bbox 1299 1723 1646 1781; x_wconf 87' lang='lat' dir='ltr'><strong>antiquissimam</strong></span> <span class='ocrx_word' id='word_1_123' title='bbox 1681 1722 1966 1779; x_wconf 84' lang='lat' dir='ltr'><strong>philosopho-</strong></span> 
     </span>
     <span class='ocr_line' id='line_1_16' title="bbox 213 1792 1967 1853; baseline -0.001 -19"><span class='ocrx_word' id='word_1_124' title='bbox 213 1809 310 1835; x_wconf 89' lang='lat' dir='ltr'><strong>rum</strong></span> <span class='ocrx_word' id='word_1_125' title='bbox 338 1793 605 1835; x_wconf 87' lang='lat' dir='ltr'><strong>Graecorum</strong></span> <span class='ocrx_word' id='word_1_126' title='bbox 635 1796 888 1836; x_wconf 82' lang='lat' dir='ltr'><strong>memoriam</strong></span> <span class='ocrx_word' id='word_1_127' title='bbox 919 1795 1062 1836; x_wconf 86' lang='lat' dir='ltr'><strong>redire</strong></span> <span class='ocrx_word' id='word_1_128' title='bbox 1093 1796 1239 1849; x_wconf 80' lang='lat' dir='ltr'><strong>liceat,</strong></span> <span class='ocrx_word' id='word_1_129' title='bbox 1272 1810 1458 1853; x_wconf 90' lang='lat' dir='ltr'><strong>quorum</strong></span> <span class='ocrx_word' id='word_1_130' title='bbox 1487 1808 1577 1835; x_wconf 90' lang='lat' dir='ltr'><strong>non</strong></span> <span class='ocrx_word' id='word_1_131' title='bbox 1607 1792 1770 1850; x_wconf 85' lang='lat' dir='ltr'><strong>placita</strong></span> <span class='ocrx_word' id='word_1_132' title='bbox 1799 1798 1967 1833; x_wconf 82' lang='lat' dir='ltr'><strong>tantum</strong></span> 
     </span>
     <span class='ocr_line' id='line_1_17' title="bbox 212 1861 1965 1923; baseline -0.001 -19"><span class='ocrx_word' id='word_1_133' title='bbox 212 1879 362 1904; x_wconf 86' lang='lat' dir='ltr'><strong>verum</strong></span> <span class='ocrx_word' id='word_1_134' title='bbox 402 1864 531 1905; x_wconf 90' lang='lat' dir='ltr'><strong>etiam</strong></span> <span class='ocrx_word' id='word_1_135' title='bbox 569 1864 689 1921; x_wconf 84' lang='lat' dir='ltr'><strong>ipsae</strong></span> <span class='ocrx_word' id='word_1_136' title='bbox 728 1870 890 1906; x_wconf 88' lang='lat' dir='ltr'><strong>aetates</strong></span> <span class='ocrx_word' id='word_1_137' title='bbox 929 1866 1200 1923; x_wconf 74' lang='lat' dir='ltr'><strong>vitai-umque</strong></span> <span class='ocrx_word' id='word_1_138' title='bbox 1236 1864 1500 1906; x_wconf 88' lang='lat' dir='ltr'><strong>commercia</strong></span> <span class='ocrx_word' id='word_1_139' title='bbox 1536 1869 1580 1903; x_wconf 94' lang='lat' dir='ltr'><strong>et</strong></span> <span class='ocrx_word' id='word_1_140' title='bbox 1618 1861 1965 1904; x_wconf 86' lang='lat' dir='ltr'><strong>necessitudines</strong></span> 
     </span>
     <span class='ocr_line' id='line_1_18' title="bbox 213 1933 1960 1992; baseline -0.001 -18"><span class='ocrx_word' id='word_1_141' title='bbox 213 1934 343 1974; x_wconf 83' lang='lat' dir='ltr'><strong>etiam</strong></span> <span class='ocrx_word' id='word_1_142' title='bbox 388 1948 503 1974; x_wconf 87' lang='lat' dir='ltr'><strong>nunc</strong></span> <span class='ocrx_word' id='word_1_143' title='bbox 546 1933 702 1989; x_wconf 77' lang='lat' dir='ltr'><strong>dignae</strong></span> <span class='ocrx_word' id='word_1_144' title='bbox 744 1941 870 1989; x_wconf 82' lang='lat' dir='ltr'><strong>sunt,</strong></span> <span class='ocrx_word' id='word_1_145' title='bbox 917 1950 1028 1992; x_wconf 92' lang='lat' dir='ltr'><strong>quae</strong></span> <span class='ocrx_word' id='word_1_146' title='bbox 1074 1934 1234 1975; x_wconf 86' lang='lat' dir='ltr'><strong>eruditi</strong></span> <span class='ocrx_word' id='word_1_147' title='bbox 1279 1934 1470 1975; x_wconf 87' lang='lat' dir='ltr'><strong>hominis</strong></span> <span class='ocrx_word' id='word_1_148' title='bbox 1518 1948 1669 1974; x_wconf 83' lang='lat' dir='ltr'><strong>curam</strong></span> <span class='ocrx_word' id='word_1_149' title='bbox 1714 1939 1960 1974; x_wconf 85' lang='lat' dir='ltr'><strong>exerceant.</strong></span> 
     </span>
     <span class='ocr_line' id='line_1_19' title="bbox 213 2001 1965 2061; baseline -0.001 -18"><span class='ocrx_word' id='word_1_150' title='bbox 213 2002 428 2043; x_wconf 86' lang='lat' dir='ltr'><strong>Tenebris</strong></span> <span class='ocrx_word' id='word_1_151' title='bbox 468 2002 644 2059; x_wconf 89' lang='lat' dir='ltr'><strong>quidem</strong></span> <span class='ocrx_word' id='word_1_152' title='bbox 677 2001 882 2061; x_wconf 77' lang='lat' dir='ltr'><strong>largaque</strong></span> <span class='ocrx_word' id='word_1_153' title='bbox 914 2003 1162 2060; x_wconf 76' lang='lat' dir='ltr'><strong>ambigendi</strong></span> <span class='ocrx_word' id='word_1_154' title='bbox 1199 2003 1560 2060; x_wconf 81' lang='lat' dir='ltr'><strong>disceptandique</strong></span> <span class='ocrx_word' id='word_1_155' title='bbox 1592 2003 1773 2044; x_wconf 85' lang='lat' dir='ltr'><strong>materia</strong></span> <span class='ocrx_word' id='word_1_156' title='bbox 1802 2016 1857 2042; x_wconf 88' lang='lat' dir='ltr'><strong>ne</strong></span> <span class='ocrx_word' id='word_1_157' title='bbox 1889 2001 1965 2043; x_wconf 84' lang='lat' dir='ltr'><strong>illa</strong></span> 
     </span>
     <span class='ocr_line' id='line_1_20' title="bbox 212 2070 1964 2129; baseline 0 -17"><span class='ocrx_word' id='word_1_158' title='bbox 212 2070 388 2128; x_wconf 89' lang='lat' dir='ltr'><strong>quidem</strong></span> <span class='ocrx_word' id='word_1_159' title='bbox 421 2077 619 2129; x_wconf 89' lang='lat' dir='ltr'><strong>tempora</strong></span> <span class='ocrx_word' id='word_1_160' title='bbox 659 2079 836 2128; x_wconf 79' lang='lat' dir='ltr'><strong>carent,</strong></span> <span class='ocrx_word' id='word_1_161' title='bbox 878 2088 959 2115; x_wconf 90' lang='lat' dir='ltr'><strong>nec</strong></span> <span class='ocrx_word' id='word_1_162' title='bbox 998 2073 1116 2115; x_wconf 88' lang='lat' dir='ltr'><strong>leves</strong></span> <span class='ocrx_word' id='word_1_163' title='bbox 1152 2073 1347 2114; x_wconf 71' lang='lat' dir='ltr'><strong>virorum</strong></span> <span class='ocrx_word' id='word_1_164' title='bbox 1381 2072 1614 2114; x_wconf 87' lang='lat' dir='ltr'><strong>doctorum</strong></span> <span class='ocrx_word' id='word_1_165' title='bbox 1651 2071 1704 2113; x_wconf 88' lang='lat' dir='ltr'><strong>de</strong></span> <span class='ocrx_word' id='word_1_166' title='bbox 1742 2072 1826 2112; x_wconf 86' lang='lat' dir='ltr'><strong>hoc</strong></span> <span class='ocrx_word' id='word_1_167' title='bbox 1864 2071 1964 2128; x_wconf 89' lang='lat' dir='ltr'><strong>ipso</strong></span> 
     </span>
     <span class='ocr_line' id='line_1_21' title="bbox 211 2140 1964 2199; baseline -0.001 -15"><span class='ocrx_word' id='word_1_168' title='bbox 211 2147 464 2198; x_wconf 75' lang='lat' dir='ltr'><strong>argumento</strong></span> <span class='ocrx_word' id='word_1_169' title='bbox 496 2143 819 2185; x_wconf 84' lang='lat' dir='ltr'><strong>controversiae</strong></span> <span class='ocrx_word' id='word_1_170' title='bbox 851 2150 1045 2197; x_wconf 80' lang='lat' dir='ltr'><strong>exstant3</strong></span> <span class='ocrx_word' id='word_1_171' title='bbox 1068 2143 1166 2186; x_wconf 77' lang='lat' dir='ltr'><strong>has</strong></span> <span class='ocrx_word' id='word_1_172' title='bbox 1196 2148 1342 2186; x_wconf 88' lang='lat' dir='ltr'><strong>tamen</strong></span> <span class='ocrx_word' id='word_1_173' title='bbox 1379 2143 1449 2186; x_wconf 83' lang='lat' dir='ltr'><strong>vel</strong></span> <span class='ocrx_word' id='word_1_174' title='bbox 1483 2148 1634 2185; x_wconf 86' lang='lat' dir='ltr'><strong>nostra</strong></span> <span class='ocrx_word' id='word_1_175' title='bbox 1670 2140 1964 2199; x_wconf 85' lang='lat' dir='ltr'><strong>qualicunque</strong></span> 
     </span>
     <span class='ocr_line' id='line_1_22' title="bbox 210 2211 1964 2271; baseline -0.001 -16"><span class='ocrx_word' id='word_1_176' title='bbox 210 2226 345 2269; x_wconf 90' lang='lat' dir='ltr'><strong>opera</strong></span> <span class='ocrx_word' id='word_1_177' title='bbox 382 2211 653 2270; x_wconf 87' lang='lat' dir='ltr'><strong>aliquatenus</strong></span> <span class='ocrx_word' id='word_1_178' title='bbox 689 2212 885 2270; x_wconf 85' lang='lat' dir='ltr'><strong>expediri</strong></span> <span class='ocrx_word' id='word_1_179' title='bbox 925 2219 967 2256; x_wconf 93' lang='lat' dir='ltr'><strong>et</strong></span> <span class='ocrx_word' id='word_1_180' title='bbox 1004 2213 1215 2257; x_wconf 85' lang='lat' dir='ltr'><strong>illustrari</strong></span> <span class='ocrx_word' id='word_1_181' title='bbox 1250 2228 1381 2271; x_wconf 86' lang='lat' dir='ltr'><strong>posse</strong></span> <span class='ocrx_word' id='word_1_182' title='bbox 1419 2225 1668 2270; x_wconf 76' lang='lat' dir='ltr'><strong>speramuS‚</strong></span> <span class='ocrx_word' id='word_1_183' title='bbox 1708 2216 1964 2269; x_wconf 81' lang='lat' dir='ltr'><strong>tantumque</strong></span> 
     </span>
     <span class='ocr_line' id='line_1_23' title="bbox 210 2282 1965 2340; baseline 0 -16"><span class='ocrx_word' id='word_1_184' title='bbox 210 2282 334 2325; x_wconf 89' lang='lat' dir='ltr'><strong>abest</strong></span> <span class='ocrx_word' id='word_1_185' title='bbox 362 2287 410 2325; x_wconf 90' lang='lat' dir='ltr'><strong>ut</strong></span> <span class='ocrx_word' id='word_1_186' title='bbox 439 2282 748 2325; x_wconf 87' lang='lat' dir='ltr'><strong>sententiarum</strong></span> <span class='ocrx_word' id='word_1_187' title='bbox 778 2282 853 2326; x_wconf 86' lang='lat' dir='ltr'><strong>illa</strong></span> <span class='ocrx_word' id='word_1_188' title='bbox 884 2283 1091 2327; x_wconf 82' lang='lat' dir='ltr'><strong>varietate</strong></span> <span class='ocrx_word' id='word_1_189' title='bbox 1120 2285 1174 2327; x_wconf 88' lang='lat' dir='ltr'><strong>ab</strong></span> <span class='ocrx_word' id='word_1_190' title='bbox 1206 2284 1406 2328; x_wconf 88' lang='lat' dir='ltr'><strong>instituto</strong></span> <span class='ocrx_word' id='word_1_191' title='bbox 1438 2282 1752 2336; x_wconf 84' lang='lat' dir='ltr'><strong>deterreamur,</strong></span> <span class='ocrx_word' id='word_1_192' title='bbox 1785 2286 1835 2324; x_wconf 91' lang='lat' dir='ltr'><strong>ut</strong></span> <span class='ocrx_word' id='word_1_193' title='bbox 1864 2295 1965 2340; x_wconf 86' lang='lat' dir='ltr'><strong>pro-</strong></span> 
     </span>
     <span class='ocr_line' id='line_1_24' title="bbox 207 2351 1962 2413; baseline -0.001 -19"><span class='ocrx_word' id='word_1_194' title='bbox 207 2356 307 2408; x_wconf 89' lang='lat' dir='ltr'><strong>pter</strong></span> <span class='ocrx_word' id='word_1_195' title='bbox 334 2351 446 2395; x_wconf 87' lang='lat' dir='ltr'><strong>hanc</strong></span> <span class='ocrx_word' id='word_1_196' title='bbox 477 2352 615 2411; x_wconf 88' lang='lat' dir='ltr'><strong>ipsam</strong></span> <span class='ocrx_word' id='word_1_197' title='bbox 646 2367 819 2397; x_wconf 86' lang='lat' dir='ltr'><strong>causam</strong></span> <span class='ocrx_word' id='word_1_198' title='bbox 850 2353 1131 2398; x_wconf 84' lang='lat' dir='ltr'><strong>instauranda</strong></span> <span class='ocrx_word' id='word_1_199' title='bbox 1161 2354 1243 2398; x_wconf 87' lang='lat' dir='ltr'><strong>hac</strong></span> <span class='ocrx_word' id='word_1_200' title='bbox 1276 2353 1528 2413; x_wconf 86' lang='lat' dir='ltr'><strong>quaestione</strong></span> <span class='ocrx_word' id='word_1_201' title='bbox 1561 2366 1652 2395; x_wconf 88' lang='lat' dir='ltr'><strong>non</strong></span> <span class='ocrx_word' id='word_1_202' title='bbox 1683 2351 1837 2409; x_wconf 85' lang='lat' dir='ltr'><strong>paucis</strong></span> <span class='ocrx_word' id='word_1_203' title='bbox 1867 2366 1962 2408; x_wconf 76' lang='lat' dir='ltr'><strong>gra-</strong></span> 
     </span>
     <span class='ocr_line' id='line_1_25' title="bbox 209 2421 1962 2480; baseline -0.001 -15"><span class='ocrx_word' id='word_1_204' title='bbox 209 2422 415 2466; x_wconf 86' lang='lat' dir='ltr'><strong>tificaturi</strong></span> <span class='ocrx_word' id='word_1_205' title='bbox 448 2438 543 2467; x_wconf 91' lang='lat' dir='ltr'><strong>esse</strong></span> <span class='ocrx_word' id='word_1_206' title='bbox 573 2423 702 2467; x_wconf 91' lang='lat' dir='ltr'><strong>nobis</strong></span> <span class='ocrx_word' id='word_1_207' title='bbox 730 2423 970 2467; x_wconf 83' lang='lat' dir='ltr'><strong>videamur.</strong></span> <span class='ocrx_word' id='word_1_208' title='bbox 1035 2423 1151 2468; x_wconf 83' lang='lat' dir='ltr'><strong>Illud</strong></span> <span class='ocrx_word' id='word_1_209' title='bbox 1175 2423 1306 2469; x_wconf 88' lang='lat' dir='ltr'><strong>modo</strong></span> <span class='ocrx_word' id='word_1_210' title='bbox 1331 2423 1580 2468; x_wconf 83' lang='lat' dir='ltr'><strong>cavebimus</strong></span> <span class='ocrx_word' id='word_1_211' title='bbox 1604 2437 1660 2465; x_wconf 89' lang='lat' dir='ltr'><strong>ne</strong></span> <span class='ocrx_word' id='word_1_212' title='bbox 1690 2421 1962 2480; x_wconf 77' lang='lat' dir='ltr'><strong>singulorum</strong></span> 
     </span>
    </p>
   </div>
  </div>
 </body>
</html>
