2155 2899
1053 218 1126 262 18

202 320 269 356 niti
292 324 431 356 certum
458 317 521 365 sit,
547 330 616 356 nec
643 318 715 355 nisi
741 317 779 353 in
804 316 958 353 termino
983 313 1167 360 differant,
1192 326 1267 364 quo
1295 315 1537 351 communiter
1563 321 1754 366 acceptum
1781 328 1962 353 annorum

200 384 429 422 intervallum
458 384 595 435 singuli
621 383 828 430 retulerint3
868 380 1026 419 Diodori
1059 387 1180 418 autem
1215 381 1390 417 terminus
1421 380 1546 418 multis
1582 382 1662 419 aliis
1694 382 1804 420 rebus
1832 382 1964 420 confir-

199 458 332 500 metur,
359 451 486 503 quales
512 466 580 503 pro
607 450 747 489 duobus
773 449 925 500 reliquis
951 449 1070 486 nullae
1098 449 1220 485 afferri
1247 450 1411 498 possint3
1436 462 1531 498 quae
1558 463 1670 499 quum
1698 452 1749 488 ita
1775 452 1863 498 sint,
1887 464 1963 487 non

200 518 313 557 modo
341 520 523 558 tutissime
550 518 615 556 sed
642 518 748 555 etiam
776 517 978 554 certissime
1005 517 1122 553 acturi
1148 515 1255 553 nobis
1283 515 1461 564 videmur,
1487 515 1550 553 ubi
1578 523 1615 554 et
1639 517 1846 557 Democriti
1872 525 1965 556 aeta-

200 592 275 624 tem
303 585 350 623 ad
376 586 485 637 hujus
507 585 752 623 testimonium
777 584 1085 632 constituerimus,
1112 591 1149 622 et
1174 584 1398 636 reliquorum
1424 590 1631 634 temporum
1656 588 1966 636 comparationem

202 653 250 690 ad
276 653 428 691 eandem
454 666 612 690 normam
639 651 892 689 direxerimus.

1037 793 1137 847 1V.

316 900 391 950 At,
426 902 614 952 inquiunt,
650 899 902 953 Anaxagoras
934 902 1190 940 Democritum
1225 902 1295 940 hoc
1332 903 1412 952 ipso
1446 908 1540 938 teste
1575 900 1641 952 (cf.
1671 909 1745 939 not.
1767 901 1837 953 57)
1877 917 1965 954 qua-

202 969 369 1020 draginta
401 968 504 1004 annis
539 954 736 1004 antecessit
745 983 757 1018 5
793 967 1057 1021 Anaxagoram
1090 983 1177 1007 vero
1212 969 1274 1008 01.
1306 968 1423 1006 LXX
1456 982 1553 1006 anno
1585 970 1703 1020 primo
1738 976 1863 1008 natum
1900 970 1965 1019 01.

201 1036 456 1073 LXXXVIII
483 1041 669 1072 mortuum
697 1049 778 1072 esse
805 1049 932 1077 omnes
961 1038 1199 1075 consentiunt
1217 1037 1294 1089 6⁵);
1329 1050 1452 1074 nonne
1479 1037 1595 1087 igitur
1615 1036 1700 1087 jure
1724 1043 1860 1079 nostro,
1883 1051 1966 1076 cum

200 1101 428 1153 Apollodoro
463 1102 718 1140 Democritum
757 1102 821 1140 01.
852 1103 1011 1141 LXXX
1048 1110 1175 1141 natum
1211 1118 1293 1141 esse
1329 1104 1554 1141 statuemus?
1616 1105 1691 1141 Est
1726 1105 1799 1151 ita,
1829 1118 1967 1156 ¹¹meque

200 1171 316 1220 ipsum
344 1169 461 1207 fateor
487 1169 574 1206 olim
599 1183 728 1220 pamm
758 1170 848 1207 mihi
876 1172 1110 1218 constitisse,
1149 1185 1261 1221 quum
1288 1171 1360 1208 alio
1377 1169 1471 1223 ⁴loco
1498 1170 1706 1207 Democriti
1733 1170 1872 1208 natales
1902 1170 1965 1208 01.

200 1237 356 1285 LXXI,
392 1237 464 1274 alio
491 1236 741 1290 Anaxagorae
775 1252 851 1276 non
882 1245 964 1276 ante
1001 1238 1062 1276 01.
1090 1239 1210 1275 LXX
1237 1251 1412 1288 ponerem
1428 1237 1506 1288 66);
1544 1250 1642 1274 nunc
1669 1244 1789 1275 tamen
1816 1239 1966 1289 optione

200 1303 301 1352 data,
337 1310 459 1341 utrum
485 1304 586 1341 hunc
614 1306 769 1356 triginta
796 1312 955 1356 quatuor
988 1306 1093 1342 annis
1119 1305 1293 1357 rejicere,
1329 1318 1376 1341 an
1402 1304 1505 1341 illum
1537 1290 1663 1342 eodem
1695 1305 1815 1355 spatio
1848 1304 1966 1355 depri-

200 1386 296 1409 mere
320 1372 465 1420 malim,
501 1374 540 1409 in
567 1380 670 1411 tanta
695 1373 956 1411 Democriteae
989 1374 1118 1410 aetatis
1153 1372 1414 1422 perspicuitate
1448 1385 1494 1408 ne
1529 1373 1713 1409 communi
1747 1372 1895 1423 quidem
1931 1380 1968 1409 et

199 1440 401 1477 inveterato
430 1439 623 1478 doctorum
651 1454 775 1478 errore
804 1439 1049 1488 ahsterrebor,
1076 1453 1149 1491 quo
1167 1441 1287 1478 minus
1315 1437 1561 1491 Anaxagorae
1588 1441 1711 1491 potius
1739 1447 1894 1479 aetatem
1922 1455 1966 1478 ex

201 1508 403 1544 Democriti
440 1521 549 1559 quam
586 1507 696 1558 hujus
738 1521 783 1544 ex
818 1507 881 1544 illa
916 1508 1116 1544 existimari
1146 1507 1309 1558 jubeam.
1369 1508 1463 1544 Nam
1502 1509 1566 1558 qui
1601 1507 1864 1558 Anaxagoram
1902 1507 1965 1544 01.

199 1573 315 1610 LXX
340 1580 466 1612 natum
492 1574 638 1622 ferunt,
678 1574 767 1625 quid
802 1575 874 1612 nisi
902 1573 1067 1625 ejusdem
1094 1572 1316 1624 Apollodori
1341 1575 1502 1612 rationes
1529 1580 1751 1625 sequuntur,
1789 1588 1897 1626 quem
1928 1576 1966 1611 in

200 1640 415 1679 Democrito
441 1642 593 1693 reliquis
622 1642 793 1679 omnibus
821 1650 858 1681 et
887 1643 1048 1680 externis
1074 1648 1109 1678 et
1133 1643 1286 1679 internis
1313 1643 1537 1692 argumentis
1559 1642 1968 1692 repugnarewidimus‘?

201 1706 320 1758 Atqui
337 1707 583 1761 Anaxagorae
605 1724 754 1762 quoque
771 1715 924 1748 aetatem
948 1711 1045 1748 inter
1063 1711 1236 1761 antiquos
1260 1709 1306 1747 ab
1328 1710 1408 1747 aliis
1431 1709 1536 1747 aliter
1559 1711 1733 1747 constitui
1756 1709 1965 1759 docuimus,

201 1775 301 1825 qnod
328 1777 399 1812 nisi
424 1790 537 1814 novae
564 1791 696 1815 causae
723 1779 970 1825 accesserint,
1006 1792 1101 1828 quae
1128 1791 1195 1813 sua
1221 1779 1257 1813 vi
1284 1777 1462 1824 efficiant,
1497 1784 1538 1813 ut
1562 1775 1783 1826 Apollodori
1810 1778 1967 1814 notatio-

204 1856 286 1880 nem
316 1844 496 1893 potiorem
530 1844 748 1893 habeamus,
783 1859 858 1882 non
885 1844 992 1882 video
1025 1858 1092 1882 cur
1118 1843 1322 1882 Eusebium
1353 1845 1477 1894 potius
1503 1844 1609 1893 sequi
1636 1843 1864 1889 dubitemus,
1903 1845 1966 1894 qui

205 1923 273 1946 nee
300 1911 381 1959 ipse
408 1911 488 1946 sine
514 1910 654 1948 idoneis
682 1911 894 1948 auctoribus
920 1911 1172 1962 Anaxagorae
1199 1916 1354 1948 mortem
1379 1911 1419 1946 in
1447 1909 1510 1947 01.
1530 1910 1720 1946 LXXIX.
1747 1909 1775 1946 5
1797 1911 1967 1960 posuisse

206 1976 468 2014 existimandus
497 1983 553 2014 est
585 1984 621 2014 et
646 1979 778 2015 mirum
810 1979 850 2015 in
875 1978 1024 2015 modum
1053 1991 1136 2015 cum
1164 1991 1207 2015 ea
1237 1978 1379 2014 ratione
1407 1977 1610 2024 consentit,
1646 1990 1755 2027 quam
1788 1976 1897 2014 modo
1929 1978 1966 2013 in

206 2043 419 2079 Democrito
447 2044 556 2096 unice
582 2043 804 2093 probabilem
832 2043 1149 2094 deprehendimus.
1211 2044 1289 2080 Hic
1323 2045 1419 2080 enim
1454 2044 1486 2080 si
1519 2042 1689 2080 Diodoro
1726 2049 1821 2081 teste
1856 2057 1966 2081 nona-

210 2110 377 2159 genarius
406 2109 499 2147 obiit
527 2108 590 2147 01.
613 2109 759 2148 XCIV.
784 2108 821 2159 1,
848 2118 956 2149 natus
984 2119 1062 2149 erat
1089 2111 1153 2149 01.
1172 2111 1325 2148 LXXI.
1351 2110 1397 2161 53
1424 2110 1671 2162 Anaxagoras
1698 2112 1813 2161 igitur
1839 2118 1966 2161 utpote

211 2176 451 2226 quadraginta
477 2177 583 2213 annis
610 2177 727 2227 major
752 2184 859 2214 natus
891 2184 967 2214 erat
1001 2177 1064 2214 01.
1094 2178 1205 2214 LXI.
1230 2176 1277 2226 53
1314 2178 1373 2214 cui
1400 2176 1524 2213 addito
1552 2177 1785 2228 septuaginta
1813 2176 1967 2214 duorum

211 2254 388 2278 annorum
416 2244 556 2293 spatio,
591 2242 691 2293 quod
715 2243 795 2293 ipse
821 2242 1072 2293 Apollodorus
1098 2243 1348 2295 Anaxagorae
1376 2245 1580 2291 concessit,
1608 2243 1733 2281 eadem
1762 2243 1967 2295 Olympias,

265 2383 314 2418 65)
335 2383 380 2410 Cf.
402 2384 521 2409 Heinius
540 2385 570 2409 in
589 2383 675 2409 Mem.
696 2383 731 2409 de
753 2382 858 2409 rat-d.
880 2383 915 2408 de
936 2383 1030 2409 Berlin
1049 2392 1076 2409 ι.
1100 2383 1189 2414 1752;
1215 2384 1338 2411 Meiners
1360 2385 1380 2409 l.
1404 2393 1428 2410 c.
1451 2384 1484 2409 T.
1508 2384 1532 2414 Ι,
1551 2392 1580 2418 p.
1601 2381 1672 2412 7233
1700 2381 1822 2408 flemsen
1840 2384 1962 2416 Anaxag.

210 2438 337 2464 ctum.
359 2435 436 2461 Gott.
460 2435 541 2461 1821.
562 2435 595 2466 8;
625 2434 791 2461 Schnubneh
811 2435 847 2460 td
865 2437 988 2469 Anax-g.
1013 2436 1113 2470 frug-n.
1135 2435 1213 2471 Lipu.
1236 2435 1317 2462 1827.
1340 2435 1374 2465 8;
1401 2436 1519 2461 Brandis
1539 2433 1646 2469 griecb.
1666 2436 1737 2459 rom.
1758 2433 1864 2460 Philon.
1885 2434 1917 2459 T.
1941 2434 1964 2463 Ι,

210 2498 239 2523 p.
259 2487 331 2519 233;
357 2487 422 2513 Frei
442 2486 571 2519 Quneett.
594 2487 705 2521 Protag.
726 2496 755 2521 p.
773 2485 807 2512 ²⁷
828 2495 891 2521 sqq.

266 2538 312 2571 66)
334 2538 367 2564 ln
387 2538 493 2573 ‹lisput-
516 2539 550 2563 de
571 2538 694 2564 Socratis
714 2538 872 2572 magistris,
893 2537 941 2562 ubi
964 2536 1077 2562 omnino
1097 2536 1125 2562 in
1145 2536 1326 2573 chronologia
1346 2536 1438 2563 minu·
1457 2536 1580 2570 diligens
1599 2535 1658 2566 sui,
1679 2546 1705 2571 p.
1725 2535 1758 2561 3ss
1780 2544 1821 2569 sq.

173 2747 251 2836 Χ

252 2837 280 2899 Ὗ
