2155 2899
225 271 333 309 quam
362 259 539 310 epocham
572 265 684 308 prout
718 258 854 310 singuli
887 261 1022 310 majore
1056 259 1113 297 vel
1146 261 1289 298 minore
1322 258 1516 296 intervallo
1550 272 1572 295 a
1608 260 1724 308 prima
1757 259 1981 312 Olympiade

224 324 457 374 dirimerent,
491 325 590 363 illius
616 339 762 377 quoque
789 324 982 378 Olympias
1010 326 1141 364 natalis
1169 326 1266 377 apud
1291 325 1401 364 alium
1429 325 1499 362 alia
1526 324 1659 363 exibat.
1712 325 1788 375 At,
1830 335 1985 380 quaerat

224 392 376 444 aliquis,
411 392 502 444 quid
527 392 612 432 inde
637 395 803 446 sequitur
834 393 880 430 ad
906 395 1023 444 ipsam
1054 394 1266 445 philosophi
1292 399 1447 432 aetatem
1474 392 1751 442 stabiliendam,
1789 408 1882 445 quae
1908 409 1983 433 una

223 466 364 497 tautum
391 473 474 498 esse
498 462 643 512 potuit?
693 462 796 499 Nihil
820 474 927 512 vero,
954 461 1021 499 sed
1044 461 1103 499 vel
1128 462 1184 499 sic
1210 461 1361 498 multum
1385 459 1628 512 profecimus,
1655 461 1721 512 qui
1747 461 1881 499 nullius
1904 462 1981 501 illo-

223 541 305 565 rum
330 528 476 566 testium
505 543 573 580 per
601 543 641 568 se
667 530 823 581 spectati
848 530 1079 581 praeeipuam
1106 530 1358 567 auctoritatem
1388 541 1471 567 esse
1501 526 1808 579 intellexerimus3
1845 543 1918 581 qua
1942 532 1981 568 iu

223 608 264 633 re
289 593 409 632 adbuc
433 595 618 649 plerique,
651 597 715 648 qui
745 597 841 634 hauc
867 598 1118 649 quaestionem
1149 602 1416 645 tractaverunt,
1450 596 1523 647 ipsi
1549 595 1623 633 sibi
1648 595 1774 634 fucum
1800 597 1980 645 feceruut,

224 676 336 715 quum
373 676 450 702 eam
485 662 706 715 Apollodori
736 663 846 702 fidem
881 678 963 703 esse
997 671 1179 716 putarent,
1215 678 1371 717 quacum
1410 677 1517 701 nemo
1553 670 1742 715 praeterea
1776 667 1981 716 comparari

222 738 347 781 posset
354 746 366 781 3
408 744 475 769 nos
503 744 610 779 vero,
643 732 751 769 etiam
775 733 809 768 si
835 732 990 769 maxime
1017 732 1156 781 Trojae
1183 732 1364 768 excidium
1394 732 1531 768 rectius
1554 731 1615 769 ille
1641 744 1754 782 quam
1782 734 1895 770 ceteri
1921 732 1981 770 de-

223 797 403 846 finiverit,
439 811 483 835 eo
508 797 708 849 majoribus
737 810 825 835 eum.
847 797 1031 834 erroribus
1057 797 1256 834 obnoxium
1280 798 1394 835 fuisse
1417 797 1655 845 arbitramur,
1691 798 1756 835 ubi
1790 799 1881 836 alias
1907 813 1980 846 res,

223 877 377 915 quarum
410 870 571 915 tempora
606 865 831 915 antiquiores
865 870 1034 901 auctores
1069 863 1116 900 ad
1148 865 1377 902 remotiorem
1403 863 1582 914 epocham
1609 865 1816 916 Trojanam
1844 867 1981 904 cousti-

222 933 399 979 tuissent,
435 931 562 969 eodem
594 930 783 968 intervallo
817 937 960 968 servato
995 930 1042 968 ad
1076 944 1179 968 suam
1207 931 1392 982 'epocham
1425 938 1669 982 computaret,
1708 932 1821 983 idque
1853 940 1895 971 ut
1927 933 1979 970 illi

223 1000 329 1036 etiam
355 1000 395 1035 iu
420 998 627 1035 Democriti
652 1009 749 1034 anno
775 997 885 1035 natali
910 997 1089 1035 accidisse
1115 999 1355 1048 suspicemur,
1382 1005 1595 1049 argumenta
1622 1000 1711 1036 satis
1741 1001 1870 1050 gravia
1898 1014 1980 1037 sua·-

224 1063 321 1103 dent.
384 1065 489 1103 Inter
514 1065 633 1103 omnia
661 1071 780 1113 certe,
815 1078 908 1116 quae
933 1064 1077 1103 aliunde
1107 1064 1152 1103 de
1178 1065 1288 1116 hujus
1319 1066 1391 1102 vita
1425 1073 1618 1114 constant,
1655 1066 1747 1103 nihil
1782 1074 1840 1105 est
1874 1067 1977 1118 quod

223 1145 305 1168 eum
325 1132 403 1181 jam
429 1139 514 1169 ante
542 1131 606 1168 014
628 1132 786 1168 LXXX
812 1133 947 1169 vixisse
972 1138 1088 1179 vetet,
1121 1132 1254 1178 multa,
1288 1145 1381 1181 quae
1404 1134 1506 1181 prius
1532 1139 1658 1169 natum
1684 1133 1870 1183 flagitent,
1898 1135 1978 1184 qui·

224 1196 293 1235 bus
319 1195 541 1249 Apollodori
567 1197 727 1236 asseclae
752 1198 803 1236 ita
828 1204 968 1236 tautum
995 1197 1147 1249 defungi
1173 1204 1349 1248 possunt,
1376 1204 1416 1235 ut
1440 1212 1482 1236 ea
1508 1199 1603 1236 iuter
1626 1198 1769 1237 fabulas
1794 1199 1974 1251 relegent,

223 1277 299 1300 non
324 1271 365 1301 ut
396 1264 538 1301 idoneis
564 1267 788 1315 argumentis
814 1265 973 1301 refutent
980 1280 992 1313 3
1028 1278 1139 1313 porro
1165 1264 1257 1300 nibil
1280 1271 1358 1310 est,
1392 1264 1490 1314 quod
1516 1278 1599 1301 eum
1624 1265 1719 1301 ultra
1746 1265 1809 1302 01.
1838 1266 1974 1302 XCIV

223 1330 357 1368 vixisse
382 1336 513 1382 cogat,
539 1336 594 1369 est
614 1343 701 1369 vero
727 1329 827 1383 quod
852 1332 960 1368 vitam
986 1330 1065 1383 ejus
1090 1330 1129 1367 in
1153 1336 1321 1382 quartum
1348 1343 1381 1366 a.
1407 1329 1497 1368 Chr.
1521 1331 1707 1369 saeculum
1734 1331 1888 1383 produci
1914 1346 1974 1370 ve-

224 1404 295 1447 tet,
332 1411 425 1448 quae
452 1399 485 1435 si
510 1404 609 1436 recte
635 1399 845 1448 posuimus,
879 1412 999 1449 neque
1023 1397 1243 1448 Apollodori
1269 1410 1387 1447 neque
1413 1397 1504 1435 adeo
1534 1399 1723 1449 Thrasylli
1749 1406 1848 1437 tanta
1875 1400 1973 1449 apud

223 1478 293 1502 uos
318 1465 514 1502 auctoritas
541 1465 631 1513 erit,
668 1471 708 1502 ut
733 1464 790 1503 his
822 1464 1026 1502 Diodorum
1054 1463 1356 1516 posthabeamuS,
1393 1463 1498 1515 cujus
1523 1465 1657 1502 rationi
1683 1465 1823 1517 reliqua
1850 1467 1973 1503 omnia

224 1533 409 1583 aptissime
441 1538 478 1569 et
504 1531 797 1570 commodissime
823 1533 1049 1569 conveniant.
1108 1532 1160 1569 Et
1193 1533 1349 1583 primum
1386 1530 1533 1582 quidem
1564 1531 1627 1568 hic
1651 1522 1760 1570 =solus
1792 1540 1867 1581 est,
1909 1535 1972 1584 qui

224 1613 357 1637 anuum
383 1599 541 1637 hominis
567 1599 715 1636 fatalem
740 1599 790 1636 ita
815 1598 947 1646 tradat,
973 1605 1014 1636 ut
1033 1612 1114 1636 eum
1137 1612 1213 1636 nou
1235 1596 1476 1649 computando
1502 1598 1646 1635 demum
1673 1606 1864 1637 assecutus
1892 1614 1974 1638 esse

225 1667 291 1705 sed
321 1673 420 1705 certo
446 1666 578 1704 veteris
603 1666 761 1703 auctoris
786 1666 995 1704 testimonio
1024 1679 1096 1703 una
1124 1679 1206 1703 cum
1240 1665 1319 1703 aliis
1348 1664 1456 1703 rebus
1483 1664 1610 1703 eodem
1637 1679 1735 1704 auno
1768 1668 1884 1718 gestis
1915 1680 1973 1704 ac·

226 1736 368 1786 cepisse
393 1733 577 1783 videatur3
613 1746 764 1785 quarum
795 1734 865 1771 etsi
898 1733 1105 1781 vinculum,
1140 1746 1214 1784 quo
1246 1746 1330 1770 cum
1355 1733 1559 1771 Democriti
1584 1739 1699 1771 morte
1726 1735 1973 1781 continentur,

225 1815 301 1839 non
326 1801 575 1852 intelligimus,
600 1807 721 1838 tamen
746 1801 806 1837 vix
831 1799 1002 1838 credibile
1029 1807 1084 1838 est
1109 1801 1337 1850 scriptorem,
1365 1799 1471 1851 cujus
1497 1800 1711 1851 neutiquam
1738 1801 1770 1837 is
1797 1814 1877 1838 mos
1905 1809 1973 1848 est,

224 1876 265 1907 ut
296 1881 514 1920 quacunque
539 1868 732 1906 occasione
764 1867 943 1905 clarorum
974 1868 1133 1905 virorum
1160 1867 1280 1904 obitus
1313 1874 1592 1915 commemoret,
1630 1867 1716 1905 huie
1743 1870 1972 1919 potissimum

223 1936 345 1973 locum
371 1935 539 1973 daturum
566 1934 680 1972 fuisse
705 1936 785 1973 siue
809 1934 940 1972 idonea
965 1947 1089 1983 causa,
1116 1949 1189 1986 qua
1212 1933 1259 1971 ad
1283 1934 1385 1971 illum
1406 1947 1543 1972 annum
1567 1934 1648 1985 ejus
1672 1936 1881 1973 memoriam
1903 1943 1974 1973 tra·

225 2002 337 2040 ditam
354 2003 565 2039 invenisset.
615 2001 762 2040 Deinde
778 2002 849 2038 hac
867 2001 944 2039 sola
960 2002 1099 2039 ratione
1116 2000 1300 2038 constabit
1316 2001 1415 2038 fama
1432 2000 1478 2039 de
1495 2002 1635 2039 Xerxis
1655 2000 1751 2052 apud
1769 2002 1974 2040 Democriti

223 2076 362 2121 patrem
389 2069 693 2116 commoratione,
712 2065 829 2120 {luam
852 2081 919 2106 cur
941 2068 1065 2106 fictam
1092 2081 1325 2114 censeamus,
1355 2067 1492 2105 nullam
1520 2081 1666 2106 causam
1688 2067 1815 2118 video,
1848 2068 1976 2107 Abde-

223 2138 373 2175 ritarum
399 2137 495 2174 enim
527 2135 685 2187 hospitio
712 2135 875 2173 Xerxem
901 2148 1006 2173 usum
1032 2149 1114 2174 esse
1141 2141 1241 2174 certa
1266 2148 1327 2173 res
1353 2140 1430 2184 est,
1467 2148 1560 2186 quos
1587 2136 1681 2174 iuter
1707 2136 1739 2172 si
1771 2142 1876 2187 pater
1901 2137 1976 2176 De-

224 2206 368 2243 mocriti
392 2204 524 2241 divitiis
546 2202 758 2252 excellebat,
781 2204 937 2254 plurima
964 2210 1064 2242 certe
1089 2210 1275 2242 sumtuum
1301 2217 1386 2254 pars
1413 2205 1453 2240 iu
1478 2205 1597 2254 ipsum
1624 2204 1878 2252 conveniebat,
1906 2219 1975 2242 nec

225 2273 421 2324 quicquam
456 2270 585 2308 absoni
617 2269 728 2309 habet
762 2284 913 2322 puerum
945 2270 1015 2308 bac
1045 2271 1277 2322 potissimum
1311 2271 1583 2321 opportunitate
1609 2283 1715 2307 usum
1751 2278 1789 2308 et
1813 2273 1976 2322 peregri·

224 2352 293 2377 nae
328 2339 513 2376 doctrinae
546 2336 779 2388 cupiditatem
814 2330 1000 2375 imbibisse
1034 2345 1072 2376 et
1106 2337 1370 2375 familiaritates
1407 2350 1489 2374 eum
1524 2337 1623 2387 regis
1658 2337 1854 2376 comitibus
1890 2352 1974 2376 con-

225 2406 401 2454 traxisse,
441 2404 572 2457 quibus
597 2417 685 2443 mox
709 2405 750 2441 in
774 2404 966 2443 itineribus
997 2402 1176 2442 Asiaticis
1208 2418 1283 2443 nou
1314 2404 1440 2442 leviter
1470 2403 1637 2455 adjutum
1669 2418 1752 2443 esse
1785 2412 1974 2443 consenta-

225 2488 333 2512 neum
361 2480 429 2511 est.
483 2472 624 2511 Eadem
651 2479 769 2511 autem
797 2486 906 2510 causa
934 2486 1002 2510 uos
1028 2480 1174 2520 monet,
1200 2480 1241 2510 ut
1263 2472 1307 2509 de
1332 2484 1507 2509 annorum
1535 2485 1684 2524 quoque
1709 2486 1860 2509 numero
1883 2472 1975 2508 Dio·
