2155 2899
1036 168 1112 212 14

185 276 284 313 mino
312 269 529 310 collocando
555 270 691 321 viginti
718 269 878 321 quinque
905 267 1009 304 annis
1036 265 1307 318 discreparent,
1344 266 1496 305 eandem
1525 266 1810 318 discrepantiam
1836 270 1877 306 in
1903 271 1952 308 al-

185 349 264 379 tero
289 338 414 376 iterari
444 337 693 374 necessarium
726 340 803 372 erat
821 333 886 384 ⁵⁰).
939 333 985 369 ln
1011 332 1219 370 Democriti
1251 338 1371 369 antem
1406 339 1524 371 aetate
1556 333 1763 372 detin'oenda
1795 335 1951 375 similem

185 407 318 446 erroris
347 417 495 442 causam
525 402 707 441 exstitisse
739 398 795 437 vel
824 398 886 436 illa
918 397 1167 450 discrepantia
1194 398 1379 446 ostendit,
1416 412 1526 451 qnam
1555 400 1652 438 inter
1679 400 1950 453 Apollodorum

185 479 221 511 et
255 470 494 522 Thrasyllum
527 466 748 506 intercedere
784 464 941 503 vidimus
980 464 1046 516 (cf.
1078 472 1156 503 not.
1186 464 1277 517 57),
1327 478 1484 518 quorum
1521 464 1612 502 alter
1646 480 1759 518 quum
1795 469 1950 522 'frojam

185 537 401 578 CCCCvu
428 536 519 574 alter
546 532 805 572 ccccxvll
831 533 936 570 annis
964 539 1049 570 ante
1076 531 1334 585 Olympiadem
1357 532 1514 583 primam
1541 538 1684 583 captam
1711 548 1793 574 esse
1816 543 1950 576 statue·

185 607 235 643 rit
250 605 326 657 51),
361 603 451 641 nihil
483 604 610 639 mirum
642 606 697 637 cst
732 613 797 637 eos
832 599 927 637 idem
963 599 1133 638 decennii
1163 599 1362 637 discrimen
1396 601 1436 637 in
1470 600 1676 638 Democriti
1705 614 1804 640 anno
1838 604 1950 643 natali

187 685 373 719 servasse,
400 668 465 707 sed
491 675 529 706 ut
554 665 660 705 simul
686 665 954 717 intelligamus,
980 667 1014 704 si
1041 666 1131 718 quid
1154 668 1245 705 certi
1273 666 1371 718 apud
1398 679 1464 705 eos
1492 666 1538 704 de
1565 666 1635 704 hac
1660 681 1701 705 re
1729 671 1950 720 constiterit,

186 753 263 777 non
288 745 361 775 tam
388 738 504 786 ipsum
530 747 664 770 annum
688 732 845 770 natalem
866 746 976 783 quam
999 733 1227 771 intervallum
1249 734 1377 781 fnisse,
1406 747 1479 785 quo
1501 734 1534 770 is
1560 746 1581 769 a
1606 734 1787 786 cujusque
1805 738 1949 788 epocha

188 805 354 855 Trojana
381 802 546 848 distarem
575 797 685 848 idque
711 804 753 835 ut
778 799 888 836 etiam
915 800 1029 836 tutius
1058 806 1280 847 statuamus,
1307 800 1407 837 tertii
1434 799 1597 846 numeri,
1622 812 1730 849 quem
1757 802 1948 841 Diodorus

185 871 370 922 sequitur,
405 865 627 915 comparatio
652 864 783 912 efficit,
820 866 880 902 cui
906 867 938 903 si
965 866 1062 904 idem
1088 865 1344 904 Dccxxln
1374 879 1553 903 annorum
1589 866 1820 905 intervallum
1846 868 1947 906 addi—

186 937 364 982 derimus,
397 935 433 969 in
457 931 599 969 tertiam
629 931 809 982 epocham
837 933 1041 984 Trojanam
1071 946 1145 970 non
1171 934 1291 970 minus
1320 932 1501 971 celebrem
1527 931 1743 971 incidemus.
1797 934 1948 974 Etenim

185 1005 218 1041 si
246 1000 500 1046 Democritus,
535 1004 577 1035 ut
609 997 802 1035 Diodorus
838 1006 981 1047 narrat,
1022 999 1085 1037 01.
1117 999 1254 1037 XCIV
1286 1013 1383 1037 anno
1410 1001 1529 1051 primo
1556 1001 1828 1050 nonagenarius
1855 1001 1947 1040 obiit

185 1070 252 1122 (cf.
278 1074 351 1106 not.
372 1064 457 1117 45),
484 1070 591 1102 natus
621 1070 697 1102 erat
724 1063 787 1125 Ol.
810 1051 959 1102 LXXI'
978 1079 1074 1104 anno
1102 1067 1223 1115 tertio,
1251 1067 1316 1119 qui
1343 1073 1400 1105 est
1424 1064 1508 1103 494
1531 1080 1564 1104 a.
1585 1065 1699 1118 Chr.3
1726 1067 1813 1106 huic
1837 1069 1949 1121 igitur

185 1139 216 1175 si
240 1133 490 1173 DCCXXIII
524 1132 608 1169 illos
643 1145 761 1169 annos
796 1131 1067 1180 addiderimus,
1108 1133 1240 1184 quibus
1277 1139 1313 1170 et
1343 1133 1442 1183 apud
1474 1132 1746 1183 Apollodorum
1783 1142 1819 1172 et
1851 1136 1949 1186 apud

184 1199 418 1252 Thrasyllum
453 1197 662 1235 Democriti
698 1198 868 1235 nativitas
904 1212 924 1235 a
960 1199 1141 1251 cujusque
1178 1199 1319 1250 epocha
1356 1198 1524 1251 Trojana
1559 1197 1690 1247 distat,
1730 1198 1945 1239 habebimus

184 1265 581 1320 quadringentesimum
615 1263 938 1315 quadragesimum
971 1268 1129 1315 primum
1156 1272 1239 1303 ante
1270 1267 1423 1316 primam
1454 1265 1711 1315 Olympiadem
1741 1268 1818 1304 sive
1846 1266 1949 1303 1217

183 1348 214 1371 a.
244 1332 354 1379 clm,
394 1330 492 1368 unde
517 1329 714 1381 Ephorum
747 1329 912 1382 aliosque
942 1337 1083 1370 veteres
1119 1331 1370 1384 chronologos
1406 1337 1489 1369 ante
1520 1330 1787 1384 Apollodorum
1815 1332 1948 1385 Troja-

182 1416 266 1440 nam
300 1399 474 1451 epocham
506 1397 656 1436 duxisse
691 1397 801 1436 docte
835 1398 1019 1449 Miillerus
1055 1400 1320 1438 demonstravit
1339 1400 1414 1452 52)3
1456 1399 1557 1451 quod
1583 1401 1615 1436 si
1642 1401 1751 1437 etiam
1784 1400 1872 1438 alias
1899 1401 1947 1439 ob

184 1481 313 1506 causas
339 1464 638 1505 verisimillimum
666 1471 725 1502 est
746 1462 976 1515 Diodorum,
1003 1468 1067 1518 qui
1091 1466 1361 1519 Apollodorum
1386 1466 1500 1517 probe
1526 1473 1635 1504 norat
1652 1466 1725 1519 ⁵³),
1758 1467 1877 1505 sicubi
1902 1467 1947 1505 ab

183 1536 255 1574 hoc
283 1532 509 1580 discederet,
537 1533 764 1582 antiquiores
787 1539 958 1571 auctores
985 1535 1082 1572 inter
1108 1548 1246 1586 eosque
1273 1535 1436 1571 omnium
1463 1534 1570 1571 facile
1595 1534 1799 1585 principem
1821 1535 1950 1585 Epho—

182 1617 263 1641 rum
290 1608 455 1639 secutum
482 1614 563 1637 esse
582 1599 658 1652 ⁵4),
693 1600 814 1637 nullus
843 1601 975 1651 opinor
1002 1600 1193 1639 dubitandi
1215 1602 1321 1640 locus
1348 1600 1572 1649 remanebit,
1606 1601 1695 1652 quin
1719 1607 1794 1638 tres
1822 1608 1948 1650 testes,

184 1683 279 1722 qnos
306 1668 405 1706 solos
432 1667 477 1705 dc
504 1668 710 1705 Democriti
737 1673 857 1705 aetate
891 1674 1009 1705 certos
1038 1676 1075 1707 et
1101 1669 1304 1720 locupletes
1331 1668 1530 1716 habemus,
1567 1668 1607 1704 in
1633 1680 1678 1705 eo
1706 1669 1948 1717 consentiant,

184 1745 225 1775 ut
258 1736 512 1775 Democritum
548 1733 819 1773 DCCXXVII
855 1737 960 1773 annis
998 1743 1085 1788 post
1121 1743 1266 1787 captam
1303 1736 1459 1787 Trojam
1494 1741 1620 1773 natum
1652 1748 1733 1773 esse
1767 1737 1947 1784 noverint,

240 1863 288 1898 50)
308 1863 354 1889 Cf.
379 1862 475 1888 Herm.
496 1861 621 1887 Erfurdt.
643 1862 750 1888 Comm.
772 1862 807 1888 de
828 1862 982 1897 Agrigento
1002 1862 1155 1899 particula,
1177 1862 1243 1888 nal.
1268 1861 1350 1889 1831.
1372 1862 1406 1892 4,
1427 1861 1476 1888 ubi
1497 1861 1549 1888 etsi
1569 1861 1679 1896 singula
1700 1861 1836 1888 nonnulla
1856 1870 1947 1888 emen-

187 1917 247 1943 dari
265 1918 400 1952 pose-nt,
420 1914 549 1939 univers·
568 1917 661 1940 tamen
681 1914 752 1940 ratio
773 1915 886 1949 egregie
905 1918 1027 1941 constat.

240 1968 287 2000 51)
307 1967 349 1993 De
370 1965 541 2001 Apollodoro
561 1968 626 1990 uota
646 1974 689 1990 res
709 1966 754 1991 vel
773 1975 807 1992 ex
825 1966 964 1997 Eusebim
985 1967 1020 1993 de
1035 1966 1184 2002 Thrasyllo
1200 1968 1310 1992 constat
1327 1974 1358 1991 ex
1374 1964 1463 1990 Clem.
1479 1963 1557 1989 Alex.
1575 1963 1721 1990 strom-tt.
1738 1964 1761 1995 1,
1783 1973 1812 1999 p.
1826 1963 1879 1989 335
1890 1973 1946 1999 sq„

188 2021 225 2046 cf.
247 2019 373 2046 Fischeri
393 2016 546 2043 zeittnreln
564 2025 594 2051 p.
615 2016 658 2042 13.

243 2071 288 2104 52)
308 2070 350 2096 Aa
369 2068 527 2102 chronogr.
547 2067 647 2102 fragm.
667 2076 695 2103 p.
719 2066 803 2094 126.
790 2077 851 2104 sqq.

244 2121 289 2155 53)
310 2120 403 2147 (51.1.
425 2120 456 2145 5:
485 2117 539 2145 αόπ
533 2117 623 2144 'rat
607 2119 660 2144 τῶν
680 2118 841 2154 Τρωϋιῶνιῖ
842 2121 912 2146 mm).
915 2120 979 2150 ’θως
999 2119 1053 2147 'uA
1056 2119 1158 2147 οοωλλδ
1138 2130 1198 2156 ωρῳ
1217 2120 1257 2154 τῷ
1276 2117 1386 2153 ’AOer
1438 2121 1547 2149 rirszu
1566 2116 1729 2153 ὀγδοήκοντα
1747 2118 1794 2152 ἔτη
1813 2116 1947 2153 apoc-1721«

190 2171 259 2199 mio&
260 2173 307 2198 δον
334 2172 386 2198 τῶν
410 2168 530 2206 ‘Hyan‘
487 2171 530 2196 κελ
532 2170 613 2197 ιδῶνε
641 2169 722 2195 ΧΙΙΙ
744 2168 812 2196 103.
840 2169 896 2197 ’,τΑ
898 2172 943 2197 cM.
947 2171 1031 2206 ’δωρο
1018 2183 1046 2202 ος
1071 2173 1100 2199 δὲ
1127 2169 1180 2199 ὅτ
1201 2181 1299 2206 νχρον
1347 2168 1483 2200 retina}
1531 2180 1585 2205 παρ
1586 2180 1669 2203 ynam
1673 2180 1704 2201 uo
1705 2168 1769 2200 ἀυμ
1771 2168 1801 2199 ’ς
1820 2180 1884 2204 φησι
1903 2181 1935 2196 κα

311 2225 400 2259 ..πέδην
471 2220 489 2250 ἃ
509 2220 555 2249 *niv
575 2219 658 2249 αὐτον
677 2219 798 2249 ἓνιαυτδυ
815 2224 871 2250 veh.
861 2225 941 2258 *moja
942 2235 983 2251 aa:
1010 2225 1088 2251 xltl.
1112 2224 1178 2251 108;
1305 2181 1379 2258 ν’δή
1402 2220 1468 2258 10¹3*
1470 2233 1497 2248 on
1524 2225 1568 2248 καὶ
1587 2221 1750 2255 Artificum*
1770 2220 1816 2247 ro‘r
1835 2221 1947 2256 ποιητήν

191 2276 260 2302 ’.ποιί
263 2277 308 2300 Mo
278 2236 380 2309 Ιὲδωρο
382 2285 394 2303 ς
414 2286 426 2299 ο
436 2234 581 2310 ιῖΑθηναῐᾶ
584 2284 597 2304 ς
616 2282 695 2308 φησιν
714 2272 867 2308 ηνθηκένυι.

246 2327 292 2359 54)
311 2326 457 2353 conces-it
474 2325 526 2353 hoe
546 2326 630 2352 eti·—
647 2325 865 2351 Geirei-inula:
870 2335 926 2362 ..p
940 2326 972 2352 8:
997 2332 1062 2354 avt
1064 2328 1121 2354 ιιι
1134 2328 1283 2354 eim-aubi
1313 2328 1362 2353 vix
1379 2330 1472 2362 poem
1491 2326 1559 2362 quin
1580 2330 1607 2351 ee
1625 2324 1694 2350 haee
1711 2329 1764 2350 aut
1783 2333 1817 2350 ex
1829 2324 1944 2360 Ephoro

188 2382 251 2415 ipro
271 2382 323 2404 ant
341 2387 375 2403 ex
394 2377 452 2403 alie
471 2381 583 2403 anctore
608 2376 772 2412 antiquiore
797 2381 825 2403 et
847 2376 905 2412 fide
929 2377 961 2403 di
950 2388 1016 2414 1qu
1040 2381 1167 2415 peii512r1
1196 2388 1296 2405 moneo
1323 2381 1415 2404 autem
1443 2377 1579 2413 imprimi·
1605 2378 1722 2411 propter
1748 2374 1944 2404 Muli-chium,

190 2431 239 2466 qni
258 2429 314 2456 hoe
333 2428 451 2454 maxime
470 2431 631 2462 argu-ento
651 2428 818 2464 Apollodori
838 2429 974 2455 rationem
995 2431 1095 2457 ceteris
1115 2431 1244 2457 omnibu·
1262 2430 1415 2467 praetulit,
1440 2429 1507 2464 quia
1527 2427 1602 2455 hune
1622 2427 1746 2453 omnium
1766 2428 1801 2453 de
1820 2426 1944 2462 philoso-

190 2483 238 2517 phi
258 2490 327 2509 nevo
347 2482 492 2507 auctorum
512 2479 734 2515 antiquissimum
754 2479 936 2508 haberemus!
