2155 2899
1077 158 1117 199 4

224 256 449 301 sententiis
491 254 735 298 refutandis
776 253 846 296 vel
885 251 1142 295 nominatim
1182 265 1431 308 quenquam
1470 248 1692 292 laedamus
1729 249 1799 291 vel
1841 251 1980 307 ipsam

223 326 562 384 disputationem
585 325 699 366 ultra
722 321 898 364 modum
915 319 1223 373 extendamus3
1261 319 1391 376 cujus
1409 334 1544 375 quum
1566 319 1674 361 haee
1698 335 1864 361 summa
1884 335 1980 362 esse

223 397 395 450 debeat,
427 400 477 437 ut
504 400 697 437 veterum
725 391 992 445 testimonia,
1025 405 1212 448 quorum
1242 389 1318 432 alii
1349 388 1470 431 aliud
1497 388 1687 446 amplexi
1715 395 1834 444 sunt,
1867 389 1982 431 inter

221 481 269 508 se
292 480 594 523 comparemus
618 475 828 519 suumque
849 461 1007 518 cuique
1033 460 1221 518 pretium
1244 460 1504 516 incorrupto
1524 458 1699 516 judicio
1723 465 1979 513 statuamus,

220 537 324 578 huie
360 537 445 578 soli
474 536 649 592 negotio
680 537 888 590 quantum
918 532 1003 573 hoc
1041 531 1210 588 opellae
1248 536 1315 573 est
1352 529 1506 573 sedulo
1546 528 1872 587 impendemus,
1916 546 1981 573 re-

223 606 469 649 centiorum
499 609 640 647 autem
671 606 898 643 auctorum
928 600 1133 654 nomina,
1171 604 1221 641 ut
1251 600 1297 641 in
1328 600 1426 657 ipso
1458 599 1609 642 libello
1642 599 1765 642 sileri
1792 600 1981 658 possint,

222 677 295 717 hic
334 677 380 717 in
420 690 553 716 unum
590 671 826 728 conjuncta
863 669 1150 726 subjecimus.
1220 669 1269 712 Si
1305 671 1404 727 quis
1441 671 1578 727 igitur
1614 671 1773 712 horum
1808 686 1982 728 quoque

224 745 292 787 vel
336 745 494 802 placita
534 741 600 783 vel
640 743 885 783 commenta
925 754 1195 797 cognoscere
1236 740 1410 798 cupiat,
1458 743 1561 797 post
1604 737 1876 797 Scaligerum
1915 739 1984 797 (ad

226 812 476 870 Eusebium)
506 813 701 869 aliosque
734 810 810 869 qui
838 809 983 852 obiter
1010 815 1179 852 tantum
1201 810 1286 868 hasv
1306 809 1581 852 difficultates
1607 809 1863 865 tetigerunt,
1895 810 1983 866 pri-

224 899 341 925 mum
373 883 479 924 sciat
509 880 608 923 data
647 894 783 937 opera
816 879 862 921 in
895 894 969 921 eas
999 879 1281 937 inquisivisse
1319 880 1572 922 Corsinium
1608 879 1655 920 in
1690 877 1837 921 Fastis
1867 879 1985 921 Atti-

224 953 288 995 cis
321 953 375 993 T.
404 951 562 1009 111‚.p.
594 950 681 993 111
706 966 804 1008 sqq.
843 948 936 991 159
961 965 1088 1007 sqq.,
1123 950 1311 992 eundem
1341 956 1487 992 tamen
1521 949 1683 991 acriter
1712 949 1985 1007 increpatum

225 1037 319 1064 esse
349 1037 373 1063 a
404 1021 748 1078 VVyttenbachio
787 1020 904 1063 Bibl.
947 1020 1048 1063 crit.
1084 1020 1275 1063 Amstel.
1317 1021 1373 1062 T.
1401 1020 1510 1074 XII,
1548 1035 1593 1077 p.
1623 1017 1835 1073 65—653
1882 1035 1985 1062 mox

224 1093 277 1135 de
308 1091 615 1149 Empedoclis,
656 1090 947 1149 Anaxagorae
959 1094 986 1146 ,'
1012 1091 1284 1145 Democriti,
1324 1091 1519 1134 Zenonis
1549 1090 1764 1132 aetatibus
1794 1090 1986 1133 Meiner-

224 1164 313 1206 sius
346 1162 553 1205 disseruit
581 1163 628 1204 in
664 1162 870 1204 Excursu
900 1161 1005 1203 libri
1043 1162 1119 1219 qui
1153 1162 1434 1204 inscribitur:
1485 1160 1749 1203 Gesehichte
1788 1160 1866 1203 des
1902 1162 1986 1204 Ur-

225 1249 438 1291 sprungS,
478 1233 728 1290 Fortgangs
765 1232 858 1274 und
891 1231 1087 1275 Verfalls
1127 1231 1207 1273 der
1239 1230 1627 1275 wissenschaften
1663 1231 1709 1273 in
1747 1230 1986 1274 Griechen-

225 1304 326 1346 land
362 1304 452 1346 und
487 1303 604 1346 Rom
643 1303 923 1359 (Lemgoviae
963 1301 1103 1344 1781.
1145 1300 1189 1361 8)
1229 1302 1286 1343 T.
1315 1302 1353 1356 I,
1391 1318 1436 1360 p.
1465 1300 1742 1356 721-727‚
1792 1302 1987 1344 omnium

227 1379 369 1416 autem
394 1380 606 1431 tempora,
639 1380 687 1416 ut
717 1376 771 1416 ab
803 1373 997 1431 antiquis
1022 1373 1184 1415 tradita
1209 1377 1328 1427 sunt,
1362 1373 1454 1415 suis
1483 1372 1597 1414 locis
1625 1364 1850 1415 annotarit
1868 1372 1988 1415 Clin-

228 1450 357 1486 tonus
388 1444 433 1486 in
463 1437 697 1487 Fastorum
727 1443 1062 1486 Hellenicorum
1091 1444 1148 1486 T.
1172 1444 1232 1498 II,
1266 1442 1394 1501 cujus
1422 1442 1776 1500 interpretationi
1802 1442 1987 1485 Latinae

234 1531 258 1556 a
288 1515 487 1572 Rriigero
524 1520 697 1556 curatae
727 1529 860 1571 quum
888 1514 1112 1556 Henricus
1140 1515 1363 1568 Ritterus,
1402 1513 1764 1570 diligentissimus
1793 1514 1988 1571 philoso-

234 1585 359 1643 phiae
378 1585 569 1628 Graecae
587 1590 832 1639 enarrator,
863 1584 1133 1627 succinctam
1162 1585 1317 1628 harum
1347 1584 1651 1643 quaestionum
1675 1584 1884 1642 epicrisin
1915 1584 1989 1627 ad-

236 1656 442 1709 didisset,
495 1656 725 1698 Clintonus
766 1655 983 1697 diversam
1020 1657 1281 1699 sententiam
1321 1656 1551 1714 professus
1589 1661 1656 1697 est
1691 1655 1738 1696 in
1777 1655 1991 1712 singulari

229 1725 528 1783 disputatione
560 1741 616 1768 on
653 1726 726 1768 the
763 1726 881 1783 early
911 1727 1035 1769 Ionic
1067 1728 1376 1785 philosophers
1411 1726 1576 1769 inserta
1607 1720 1765 1768 Museo
1801 1725 1989 1783 philolo-

234 1796 335 1852 gico
364 1795 712 1852 Cantabrigiensi
744 1812 783 1837 a.
814 1795 957 1851 1851,
989 1798 1043 1838 T.
1070 1799 1108 1851 l,
1141 1814 1186 1854 p.
1215 1794 1433 1849 86—-953
1466 1810 1548 1837 nec
1579 1795 1717 1837 multo
1744 1801 1846 1852 post
1873 1795 1989 1852 ejus-

236 1865 336 1908 dem
373 1865 569 1908 Clintoni
601 1865 794 1908 aemulus
825 1866 1021 1910 Joannes
1050 1867 1260 1912 Matthias
1296 1865 1546 1910 Schultzius
1577 1865 1623 1909 in
1654 1865 1906 1924 Apparatus
1936 1866 1993 1909 ad

237 1935 415 1977 annales
454 1936 632 1977 criticos
672 1951 816 1978 rerum
854 1936 1119 1979 Graecarum
1150 1938 1324 1979 collecti
1351 1936 1591 1994 specimine
1622 1936 1816 1978 secundo
1848 1936 1992 1984 Riliae

240 2022 279 2047 a.
311 2003 440 2047 1856
465 2004 585 2048 edito
616 2021 661 2062 p.
682 2003 750 2047 24
773 2021 869 2065 sqq.
901 2007 1033 2065 hujus
1063 2024 1237 2067 quoque
1270 2006 1515 2065 argumenti
1545 2012 1713 2065 partem
1747 2022 1828 2049 suo
1859 2006 1992 2050 modo

241 2077 465 2118 tractavit:
502 2076 691 2132 denique
722 2077 945 2133 Augustus
974 2079 1225 2122 Bernardus
1256 2078 1462 2132 Krische,
1495 2093 1623 2135 quem
1649 2093 1789 2135 nuper
1820 2078 1994 2120 demum

243 2145 391 2202 iniqua
422 2146 511 2188 fata
539 2145 807 2188 Academiae
835 2154 1006 2189 nostrae
1039 2150 1309 2206 eripuerunt,
1342 2149 1388 2190 in
1419 2148 1535 2190 libro
1565 2149 1707 2190 bonae
1737 2148 1878 2204 frugis
1903 2149 1994 2206 ple-

246 2214 449 2257 nissimo:
492 2216 530 2258 F
533 2217 810 2273 orsehungen
842 2217 921 2258 auf
948 2217 1046 2260 dem
1078 2219 1260 2261 Gebiete
1290 2219 1369 2261 der
1399 2218 1515 2260 alten
1545 2218 1833 2275 Philosophie
1862 2234 1907 2276 p.
1931 2217 1996 2260 62

248 2284 302 2325 de
341 2285 493 2329 eodem
532 2287 795 2329 sententiam
834 2302 956 2328 suam
995 2289 1128 2343 dixit,
1178 2289 1306 2332 nobis
1347 2287 1452 2345 quid
1488 2294 1589 2345 post
1627 2289 1710 2330 bos
1749 2303 1901 2331 omnes
1940 2288 1996 2331 ad

247 2355 386 2411 ipsam
417 2353 546 2396 fidem
577 2357 800 2414 antiquam
826 2358 1023 2413 proxime
1052 2359 1258 2401 accedere
1286 2357 1501 2413 videatur,
1533 2359 1685 2416 paucis
1710 2358 1765 2399 de
1791 2359 1996 2403 universo

248 2440 406 2469 causae
432 2430 544 2466 statu
574 2427 826 2482 praemissis
854 2444 982 2485 quam
1014 2429 1286 2471 strictissime
1309 2429 1470 2486 poterit
1496 2428 1680 2485 jamjam
1703 2430 1991 2471 enarrabitur.

927 2515 1260 2529 ⁴⁴*
1265 2522 1297 2524 ⁷-ss
