<?xml version="1.0" encoding="UTF-8"?>
<!DOCTYPE html PUBLIC "-//W3C//DTD XHTML 1.0 Transitional//EN"
    "http://www.w3.org/TR/xhtml1/DTD/xhtml1-transitional.dtd">
<html xmlns="http://www.w3.org/1999/xhtml" xml:lang="en" lang="en">
 <head>
  <title>
</title>
<meta http-equiv="Content-Type" content="text/html;charset=utf-8" />
  <meta name='ocr-system' content='tesseract 3.04.00' />
  <meta name='ocr-capabilities' content='ocr_page ocr_carea ocr_par ocr_line ocrx_word'/>
</head>
<body>
  <div class='ocr_page' id='page_1' title='image "./4627422_0012.png"; bbox 0 0 2155 2899; ppageno 0'>
   <div class='ocr_carea' id='block_1_1' title="bbox 205 242 1970 2155">
    <p class='ocr_par' dir='ltr' id='par_1_1' title="bbox 205 242 1970 2155">
     <span class='ocr_line' id='line_1_1' title="bbox 210 242 1970 298; baseline -0.005 -9"><span class='ocrx_word' id='word_1_1' title='bbox 210 265 355 297; x_wconf 88' lang='lat' dir='ltr'><strong>nomen,</strong></span> <span class='ocrx_word' id='word_1_2' title='bbox 378 249 451 286; x_wconf 91' lang='lat' dir='ltr'><strong>hoc</strong></span> <span class='ocrx_word' id='word_1_3' title='bbox 474 253 533 285; x_wconf 87' lang='lat' dir='ltr'><strong>est</strong></span> <span class='ocrx_word' id='word_1_4' title='bbox 551 247 722 284; x_wconf 92' lang='lat' dir='ltr'><strong>amatoris</strong></span> <span class='ocrx_word' id='word_1_5' title='bbox 745 245 957 296; x_wconf 80' lang='lat' dir='ltr'><strong>sapientiae,</strong></span> <span class='ocrx_word' id='word_1_6' title='bbox 982 257 1003 280; x_wconf 87' lang='lat' dir='ltr'><strong>a</strong></span> <span class='ocrx_word' id='word_1_7' title='bbox 1027 242 1245 293; x_wconf 72' lang='lat' dir='ltr'><strong>Pythagora</strong></span> <span class='ocrx_word' id='word_1_8' title='bbox 1268 242 1413 281; x_wconf 90' lang='lat' dir='ltr'><strong>demum</strong></span> <span class='ocrx_word' id='word_1_9' title='bbox 1434 245 1623 282; x_wconf 83' lang='lat' dir='ltr'><strong>inventum</strong></span> <span class='ocrx_word' id='word_1_10' title='bbox 1649 256 1734 298; x_wconf 32' lang='lat' dir='ltr'><strong>esse.</strong></span> <span class='ocrx_word' id='word_1_11' title='bbox 1751 243 1911 281; x_wconf 77' lang='lat' dir='ltr'><strong>ferretur</strong></span> <span class='ocrx_word' id='word_1_12' title='bbox 1923 243 1970 296; x_wconf 81' lang='lat'><strong>3),</strong></span> 
     </span>
     <span class='ocr_line' id='line_1_2' title="bbox 210 304 1970 364; baseline -0.002 -12"><span class='ocrx_word' id='word_1_13' title='bbox 210 319 242 353; x_wconf 91' lang='lat' dir='ltr'><strong>is</strong></span> <span class='ocrx_word' id='word_1_14' title='bbox 278 321 419 361; x_wconf 89' lang='lat' dir='ltr'><strong>autem,</strong></span> <span class='ocrx_word' id='word_1_15' title='bbox 456 304 520 364; x_wconf 87' lang='lat' dir='ltr'><strong>qui</strong></span> <span class='ocrx_word' id='word_1_16' title='bbox 553 313 690 363; x_wconf 89' lang='lat' dir='ltr'><strong>primus</strong></span> <span class='ocrx_word' id='word_1_17' title='bbox 728 326 767 349; x_wconf 91' lang='lat' dir='ltr'><strong>se</strong></span> <span class='ocrx_word' id='word_1_18' title='bbox 804 309 990 364; x_wconf 68' lang='grc' dir='ltr'><strong>σοφιστῆν</strong></span> <span class='ocrx_word' id='word_1_19' title='bbox 1025 308 1062 346; x_wconf 91' lang='lat' dir='ltr'><strong>id</strong></span> <span class='ocrx_word' id='word_1_20' title='bbox 1093 314 1149 346; x_wconf 89' lang='lat' dir='ltr'><strong>est</strong></span> <span class='ocrx_word' id='word_1_21' title='bbox 1183 309 1385 359; x_wconf 84' lang='lat' dir='ltr'><strong>sapientiae</strong></span> <span class='ocrx_word' id='word_1_22' title='bbox 1419 309 1599 348; x_wconf 89' lang='lat' dir='ltr'><strong>cultorem</strong></span> <span class='ocrx_word' id='word_1_23' title='bbox 1631 310 1823 361; x_wconf 80' lang='lat' dir='ltr'><strong>professus</strong></span> <span class='ocrx_word' id='word_1_24' title='bbox 1858 316 1970 358; x_wconf 88' lang='lat' dir='ltr'><strong>esset,</strong></span> 
     </span>
     <span class='ocr_line' id='line_1_3' title="bbox 210 375 1969 428; baseline -0.003 -9"><span class='ocrx_word' id='word_1_25' title='bbox 210 381 495 419; x_wconf 90' lang='lat' dir='ltr'><strong>audacissimum</strong></span> <span class='ocrx_word' id='word_1_26' title='bbox 528 380 671 416; x_wconf 82' lang='lat' dir='ltr'><strong>facinus</strong></span> <span class='ocrx_word' id='word_1_27' title='bbox 708 378 930 416; x_wconf 85' lang='lat' dir='ltr'><strong>commisisse</strong></span> <span class='ocrx_word' id='word_1_28' title='bbox 965 376 1174 415; x_wconf 82' lang='lat' dir='ltr'><strong>crederetur</strong></span> <span class='ocrx_word' id='word_1_29' title='bbox 1192 375 1247 427; x_wconf 82' lang='lat'><strong>4);</strong></span> <span class='ocrx_word' id='word_1_30' title='bbox 1289 389 1408 426; x_wconf 84' lang='lat' dir='ltr'><strong>neque</strong></span> <span class='ocrx_word' id='word_1_31' title='bbox 1442 377 1482 413; x_wconf 91' lang='lat' dir='ltr'><strong>in</strong></span> <span class='ocrx_word' id='word_1_32' title='bbox 1515 391 1659 414; x_wconf 91' lang='lat' dir='ltr'><strong>summo</strong></span> <span class='ocrx_word' id='word_1_33' title='bbox 1694 378 1860 425; x_wconf 80' lang='lat' dir='ltr'><strong>fervore,</strong></span> <span class='ocrx_word' id='word_1_34' title='bbox 1894 390 1969 428; x_wconf 88' lang='lat' dir='ltr'><strong>quo</strong></span> 
     </span>
     <span class='ocr_line' id='line_1_4' title="bbox 208 441 1970 497; baseline -0.002 -13"><span class='ocrx_word' id='word_1_35' title='bbox 208 448 375 485; x_wconf 92' lang='lat' dir='ltr'><strong>homines</strong></span> <span class='ocrx_word' id='word_1_36' title='bbox 402 446 586 497; x_wconf 75' lang='lat' dir='ltr'><strong>ingeniosi</strong></span> <span class='ocrx_word' id='word_1_37' title='bbox 611 458 730 482; x_wconf 89' lang='lat' dir='ltr'><strong>rerum</strong></span> <span class='ocrx_word' id='word_1_38' title='bbox 756 456 885 480; x_wconf 86' lang='lat' dir='ltr'><strong>causas</strong></span> <span class='ocrx_word' id='word_1_39' title='bbox 918 441 1261 493; x_wconf 83' lang='lat' dir='ltr'><strong>perscrutabantur,</strong></span> <span class='ocrx_word' id='word_1_40' title='bbox 1298 455 1341 479; x_wconf 89' lang='lat' dir='ltr'><strong>ea</strong></span> <span class='ocrx_word' id='word_1_41' title='bbox 1369 455 1515 493; x_wconf 82' lang='lat' dir='ltr'><strong>semper</strong></span> <span class='ocrx_word' id='word_1_42' title='bbox 1540 443 1760 493; x_wconf 88' lang='lat' dir='ltr'><strong>placitorum</strong></span> <span class='ocrx_word' id='word_1_43' title='bbox 1789 444 1970 481; x_wconf 87' lang='lat' dir='ltr'><strong>continui·</strong></span> 
     </span>
     <span class='ocr_line' id='line_1_5' title="bbox 209 508 1968 563; baseline -0.002 -11"><span class='ocrx_word' id='word_1_44' title='bbox 209 522 267 552; x_wconf 91' lang='lat' dir='ltr'><strong>tas</strong></span> <span class='ocrx_word' id='word_1_45' title='bbox 291 520 423 561; x_wconf 84' lang='lat' dir='ltr'><strong>exstat,</strong></span> <span class='ocrx_word' id='word_1_46' title='bbox 450 519 490 550; x_wconf 94' lang='lat' dir='ltr'><strong>ut</strong></span> <span class='ocrx_word' id='word_1_47' title='bbox 517 512 681 563; x_wconf 78' lang='lat' dir='ltr'><strong>magistri</strong></span> <span class='ocrx_word' id='word_1_48' title='bbox 709 512 961 548; x_wconf 91' lang='lat' dir='ltr'><strong>auctoritatem</strong></span> <span class='ocrx_word' id='word_1_49' title='bbox 989 510 1098 547; x_wconf 90' lang='lat' dir='ltr'><strong>etiam</strong></span> <span class='ocrx_word' id='word_1_50' title='bbox 1125 509 1222 560; x_wconf 88' lang='lat' dir='ltr'><strong>apud</strong></span> <span class='ocrx_word' id='word_1_51' title='bbox 1248 508 1471 560; x_wconf 90' lang='lat' dir='ltr'><strong>discipulum</strong></span> <span class='ocrx_word' id='word_1_52' title='bbox 1494 509 1674 548; x_wconf 87' lang='lat' dir='ltr'><strong>valentem</strong></span> <span class='ocrx_word' id='word_1_53' title='bbox 1702 524 1968 562; x_wconf 87' lang='lat' dir='ltr'><strong>agnoscamus;</strong></span> 
     </span>
     <span class='ocr_line' id='line_1_6' title="bbox 210 577 1969 632; baseline -0.002 -13"><span class='ocrx_word' id='word_1_54' title='bbox 210 588 399 632; x_wconf 88' lang='lat' dir='ltr'><strong>postremo</strong></span> <span class='ocrx_word' id='word_1_55' title='bbox 427 580 459 616; x_wconf 88' lang='lat' dir='ltr'><strong>si</strong></span> <span class='ocrx_word' id='word_1_56' title='bbox 493 579 556 629; x_wconf 87' lang='lat' dir='ltr'><strong>qui</strong></span> <span class='ocrx_word' id='word_1_57' title='bbox 585 578 735 614; x_wconf 84' lang='lat' dir='ltr'><strong>maxime</strong></span> <span class='ocrx_word' id='word_1_58' title='bbox 763 577 899 614; x_wconf 87' lang='lat' dir='ltr'><strong>alienae</strong></span> <span class='ocrx_word' id='word_1_59' title='bbox 926 577 1126 627; x_wconf 82' lang='lat' dir='ltr'><strong>sapientiae</strong></span> <span class='ocrx_word' id='word_1_60' title='bbox 1152 583 1294 627; x_wconf 89' lang='lat' dir='ltr'><strong>partem</strong></span> <span class='ocrx_word' id='word_1_61' title='bbox 1325 590 1414 614; x_wconf 91' lang='lat' dir='ltr'><strong>suae</strong></span> <span class='ocrx_word' id='word_1_62' title='bbox 1441 583 1630 628; x_wconf 84' lang='lat' dir='ltr'><strong>acceptam</strong></span> <span class='ocrx_word' id='word_1_63' title='bbox 1657 577 1887 626; x_wconf 81' lang='lat' dir='ltr'><strong>referebant,</strong></span> <span class='ocrx_word' id='word_1_64' title='bbox 1924 592 1969 616; x_wconf 87' lang='lat' dir='ltr'><strong>ex</strong></span> 
     </span>
     <span class='ocr_line' id='line_1_7' title="bbox 211 643 1969 696; baseline -0.002 -11"><span class='ocrx_word' id='word_1_65' title='bbox 211 647 316 685; x_wconf 91' lang='lat' dir='ltr'><strong>libris</strong></span> <span class='ocrx_word' id='word_1_66' title='bbox 341 647 488 696; x_wconf 85' lang='lat' dir='ltr'><strong>scriptis</strong></span> <span class='ocrx_word' id='word_1_67' title='bbox 516 645 659 681; x_wconf 87' lang='lat' dir='ltr'><strong>haurire</strong></span> <span class='ocrx_word' id='word_1_68' title='bbox 683 650 897 694; x_wconf 90' lang='lat' dir='ltr'><strong>potuerant,</strong></span> <span class='ocrx_word' id='word_1_69' title='bbox 931 643 1063 694; x_wconf 89' lang='lat' dir='ltr'><strong>quibus</strong></span> <span class='ocrx_word' id='word_1_70' title='bbox 1085 643 1174 680; x_wconf 92' lang='lat' dir='ltr'><strong>solis</strong></span> <span class='ocrx_word' id='word_1_71' title='bbox 1202 644 1459 694; x_wconf 88' lang='lat' dir='ltr'><strong>antiquissimo</strong></span> <span class='ocrx_word' id='word_1_72' title='bbox 1488 650 1654 694; x_wconf 90' lang='lat' dir='ltr'><strong>tempore</strong></span> <span class='ocrx_word' id='word_1_73' title='bbox 1678 644 1864 695; x_wconf 86' lang='lat' dir='ltr'><strong>peculiare</strong></span> <span class='ocrx_word' id='word_1_74' title='bbox 1890 645 1969 696; x_wconf 91' lang='lat' dir='ltr'><strong>phi-</strong></span> 
     </span>
     <span class='ocr_line' id='line_1_8' title="bbox 211 709 1969 765; baseline -0.001 -13"><span class='ocrx_word' id='word_1_75' title='bbox 211 713 402 765; x_wconf 88' lang='lat' dir='ltr'><strong>losophiae</strong></span> <span class='ocrx_word' id='word_1_76' title='bbox 430 710 586 749; x_wconf 91' lang='lat' dir='ltr'><strong>studium</strong></span> <span class='ocrx_word' id='word_1_77' title='bbox 612 710 720 761; x_wconf 87' lang='lat' dir='ltr'><strong>prodi</strong></span> <span class='ocrx_word' id='word_1_78' title='bbox 742 710 901 758; x_wconf 84' lang='lat' dir='ltr'><strong>solebat,</strong></span> <span class='ocrx_word' id='word_1_79' title='bbox 933 716 975 748; x_wconf 95' lang='lat' dir='ltr'><strong>ut</strong></span> <span class='ocrx_word' id='word_1_80' title='bbox 1000 723 1046 747; x_wconf 89' lang='lat' dir='ltr'><strong>ne</strong></span> <span class='ocrx_word' id='word_1_81' title='bbox 1074 723 1136 748; x_wconf 91' lang='lat' dir='ltr'><strong>eos</strong></span> <span class='ocrx_word' id='word_1_82' title='bbox 1162 709 1330 761; x_wconf 89' lang='lat' dir='ltr'><strong>quidem,</strong></span> <span class='ocrx_word' id='word_1_83' title='bbox 1358 723 1515 761; x_wconf 88' lang='lat' dir='ltr'><strong>quorum</strong></span> <span class='ocrx_word' id='word_1_84' title='bbox 1542 709 1665 762; x_wconf 87' lang='lat' dir='ltr'><strong>aliqua</strong></span> <span class='ocrx_word' id='word_1_85' title='bbox 1691 709 1880 749; x_wconf 84' lang='lat' dir='ltr'><strong>doctrinae</strong></span> <span class='ocrx_word' id='word_1_86' title='bbox 1907 725 1969 750; x_wconf 92' lang='lat' dir='ltr'><strong>ne-</strong></span> 
     </span>
     <span class='ocr_line' id='line_1_9' title="bbox 213 777 1967 829; baseline -0.002 -10"><span class='ocrx_word' id='word_1_87' title='bbox 213 779 399 820; x_wconf 88' lang='lat' dir='ltr'><strong>cessitudo</strong></span> <span class='ocrx_word' id='word_1_88' title='bbox 424 784 623 829; x_wconf 87' lang='lat' dir='ltr'><strong>appareret,</strong></span> <span class='ocrx_word' id='word_1_89' title='bbox 653 791 775 815; x_wconf 90' lang='lat' dir='ltr'><strong>coram</strong></span> <span class='ocrx_word' id='word_1_90' title='bbox 798 778 896 815; x_wconf 88' lang='lat' dir='ltr'><strong>inter</strong></span> <span class='ocrx_word' id='word_1_91' title='bbox 924 790 1122 815; x_wconf 89' lang='lat' dir='ltr'><strong>consuesse</strong></span> <span class='ocrx_word' id='word_1_92' title='bbox 1146 777 1388 828; x_wconf 85' lang='lat' dir='ltr'><strong>aequalesque</strong></span> <span class='ocrx_word' id='word_1_93' title='bbox 1415 777 1552 815; x_wconf 86' lang='lat' dir='ltr'><strong>vixisse</strong></span> <span class='ocrx_word' id='word_1_94' title='bbox 1580 779 1827 816; x_wconf 87' lang='lat' dir='ltr'><strong>necessarium</strong></span> <span class='ocrx_word' id='word_1_95' title='bbox 1854 786 1967 816; x_wconf 88' lang='lat' dir='ltr'><strong>esset.</strong></span> 
     </span>
     <span class='ocr_line' id='line_1_10' title="bbox 210 842 1967 894; baseline -0.002 -10"><span class='ocrx_word' id='word_1_96' title='bbox 210 848 265 884; x_wconf 83' lang='lat' dir='ltr'><strong>At</strong></span> <span class='ocrx_word' id='word_1_97' title='bbox 291 847 407 893; x_wconf 90' lang='lat' dir='ltr'><strong>enim,</strong></span> <span class='ocrx_word' id='word_1_98' title='bbox 445 845 594 894; x_wconf 80' lang='lat' dir='ltr'><strong>opinor,</strong></span> <span class='ocrx_word' id='word_1_99' title='bbox 628 845 738 881; x_wconf 87' lang='lat' dir='ltr'><strong>etiam</strong></span> <span class='ocrx_word' id='word_1_100' title='bbox 765 856 859 894; x_wconf 89' lang='lat' dir='ltr'><strong>quae</strong></span> <span class='ocrx_word' id='word_1_101' title='bbox 887 844 1096 881; x_wconf 84' lang='lat' dir='ltr'><strong>necessaria</strong></span> <span class='ocrx_word' id='word_1_102' title='bbox 1127 856 1203 880; x_wconf 89' lang='lat' dir='ltr'><strong>non</strong></span> <span class='ocrx_word' id='word_1_103' title='bbox 1235 850 1340 891; x_wconf 84' lang='lat' dir='ltr'><strong>sunt,</strong></span> <span class='ocrx_word' id='word_1_104' title='bbox 1375 849 1531 894; x_wconf 87' lang='lat' dir='ltr'><strong>possunt</strong></span> <span class='ocrx_word' id='word_1_105' title='bbox 1557 849 1679 880; x_wconf 81' lang='lat' dir='ltr'><strong>tamen</strong></span> <span class='ocrx_word' id='word_1_106' title='bbox 1704 842 1805 891; x_wconf 86' lang='lat' dir='ltr'><strong>fieri,</strong></span> <span class='ocrx_word' id='word_1_107' title='bbox 1838 856 1907 881; x_wconf 90' lang='lat' dir='ltr'><strong>nec</strong></span> <span class='ocrx_word' id='word_1_108' title='bbox 1935 845 1967 880; x_wconf 92' lang='lat' dir='ltr'><strong>si</strong></span> 
     </span>
     <span class='ocr_line' id='line_1_11' title="bbox 212 910 1967 965; baseline -0.001 -15"><span class='ocrx_word' id='word_1_109' title='bbox 212 915 295 965; x_wconf 88' lang='lat' dir='ltr'><strong>quis</strong></span> <span class='ocrx_word' id='word_1_110' title='bbox 323 913 432 950; x_wconf 87' lang='lat' dir='ltr'><strong>altero</strong></span> <span class='ocrx_word' id='word_1_111' title='bbox 458 911 635 961; x_wconf 77' lang='lat' dir='ltr'><strong>magistro</strong></span> <span class='ocrx_word' id='word_1_112' title='bbox 660 924 736 948; x_wconf 91' lang='lat' dir='ltr'><strong>non</strong></span> <span class='ocrx_word' id='word_1_113' title='bbox 764 911 865 961; x_wconf 89' lang='lat' dir='ltr'><strong>eguit</strong></span> <span class='ocrx_word' id='word_1_114' title='bbox 892 910 939 947; x_wconf 89' lang='lat' dir='ltr'><strong>ad</strong></span> <span class='ocrx_word' id='word_1_115' title='bbox 965 911 1181 961; x_wconf 89' lang='lat' dir='ltr'><strong>sapientiam</strong></span> <span class='ocrx_word' id='word_1_116' title='bbox 1208 924 1311 948; x_wconf 89' lang='lat' dir='ltr'><strong>suam</strong></span> <span class='ocrx_word' id='word_1_117' title='bbox 1339 910 1648 961; x_wconf 86' lang='lat' dir='ltr'><strong>consequendam,</strong></span> <span class='ocrx_word' id='word_1_118' title='bbox 1676 911 1785 948; x_wconf 84' lang='lat' dir='ltr'><strong>etiam</strong></span> <span class='ocrx_word' id='word_1_119' title='bbox 1814 923 1967 949; x_wconf 88' lang='lat' dir='ltr'><strong>consue·</strong></span> 
     </span>
     <span class='ocr_line' id='line_1_12' title="bbox 211 975 1965 1029; baseline -0.002 -12"><span class='ocrx_word' id='word_1_120' title='bbox 211 979 337 1018; x_wconf 87' lang='lat' dir='ltr'><strong>tudine</strong></span> <span class='ocrx_word' id='word_1_121' title='bbox 354 985 389 1016; x_wconf 87' lang='lat' dir='ltr'><strong>et</strong></span> <span class='ocrx_word' id='word_1_122' title='bbox 405 990 608 1029; x_wconf 85' lang='lat' dir='ltr'><strong>congressu</strong></span> <span class='ocrx_word' id='word_1_123' title='bbox 631 976 711 1028; x_wconf 82' lang='lat' dir='ltr'><strong>ejus</strong></span> <span class='ocrx_word' id='word_1_124' title='bbox 738 976 986 1015; x_wconf 88' lang='lat' dir='ltr'><strong>excludendus</strong></span> <span class='ocrx_word' id='word_1_125' title='bbox 1005 983 1080 1027; x_wconf 67' lang='lat' dir='ltr'><strong>est,</strong></span> <span class='ocrx_word' id='word_1_126' title='bbox 1107 978 1218 1014; x_wconf 90' lang='lat' dir='ltr'><strong>immo</strong></span> <span class='ocrx_word' id='word_1_127' title='bbox 1243 976 1371 1015; x_wconf 89' lang='lat' dir='ltr'><strong>eodem</strong></span> <span class='ocrx_word' id='word_1_128' title='bbox 1388 975 1486 1028; x_wconf 87' lang='lat' dir='ltr'><strong>jure,</strong></span> <span class='ocrx_word' id='word_1_129' title='bbox 1509 989 1583 1028; x_wconf 90' lang='lat' dir='ltr'><strong>quo</strong></span> <span class='ocrx_word' id='word_1_130' title='bbox 1605 990 1683 1026; x_wconf 89' lang='lat' dir='ltr'><strong>eos,</strong></span> <span class='ocrx_word' id='word_1_131' title='bbox 1709 978 1772 1029; x_wconf 92' lang='lat' dir='ltr'><strong>qui</strong></span> <span class='ocrx_word' id='word_1_132' title='bbox 1794 976 1965 1029; x_wconf 85' lang='lat' dir='ltr'><strong>aequales</strong></span> 
     </span>
     <span class='ocr_line' id='line_1_13' title="bbox 212 1044 1967 1097; baseline -0.002 -13"><span class='ocrx_word' id='word_1_133' title='bbox 212 1060 286 1084; x_wconf 92' lang='lat' dir='ltr'><strong>non</strong></span> <span class='ocrx_word' id='word_1_134' title='bbox 304 1046 463 1092; x_wconf 82' lang='lat' dir='ltr'><strong>fuerunt,</strong></span> <span class='ocrx_word' id='word_1_135' title='bbox 482 1044 540 1081; x_wconf 83' lang='lat' dir='ltr'><strong>vel</strong></span> <span class='ocrx_word' id='word_1_136' title='bbox 559 1050 687 1081; x_wconf 88' lang='lat' dir='ltr'><strong>contra</strong></span> <span class='ocrx_word' id='word_1_137' title='bbox 704 1050 844 1081; x_wconf 87' lang='lat' dir='ltr'><strong>veteres</strong></span> <span class='ocrx_word' id='word_1_138' title='bbox 869 1050 1039 1081; x_wconf 87' lang='lat' dir='ltr'><strong>auctores</strong></span> <span class='ocrx_word' id='word_1_139' title='bbox 1060 1045 1156 1081; x_wconf 91' lang='lat' dir='ltr'><strong>inter</strong></span> <span class='ocrx_word' id='word_1_140' title='bbox 1176 1057 1216 1082; x_wconf 90' lang='lat' dir='ltr'><strong>se</strong></span> <span class='ocrx_word' id='word_1_141' title='bbox 1236 1057 1435 1081; x_wconf 88' lang='lat' dir='ltr'><strong>consuesse</strong></span> <span class='ocrx_word' id='word_1_142' title='bbox 1453 1057 1641 1093; x_wconf 77' lang='lat' dir='ltr'><strong>negamus,</strong></span> <span class='ocrx_word' id='word_1_143' title='bbox 1666 1045 1733 1090; x_wconf 89' lang='lat' dir='ltr'><strong>eis,</strong></span> <span class='ocrx_word' id='word_1_144' title='bbox 1752 1058 1908 1097; x_wconf 84' lang='lat' dir='ltr'><strong>quorum</strong></span> <span class='ocrx_word' id='word_1_145' title='bbox 1926 1044 1967 1081; x_wconf 90' lang='lat' dir='ltr'><strong>hi</strong></span> 
     </span>
     <span class='ocr_line' id='line_1_14' title="bbox 212 1109 1967 1162; baseline -0.002 -13"><span class='ocrx_word' id='word_1_146' title='bbox 212 1120 373 1162; x_wconf 87' lang='lat' dir='ltr'><strong>tempora</strong></span> <span class='ocrx_word' id='word_1_147' title='bbox 400 1116 625 1161; x_wconf 84' lang='lat' dir='ltr'><strong>exaequant,</strong></span> <span class='ocrx_word' id='word_1_148' title='bbox 652 1110 760 1147; x_wconf 90' lang='lat' dir='ltr'><strong>etiam</strong></span> <span class='ocrx_word' id='word_1_149' title='bbox 786 1109 1050 1160; x_wconf 87' lang='lat' dir='ltr'><strong>congrediendi</strong></span> <span class='ocrx_word' id='word_1_150' title='bbox 1077 1116 1114 1147; x_wconf 91' lang='lat' dir='ltr'><strong>et</strong></span> <span class='ocrx_word' id='word_1_151' title='bbox 1140 1111 1235 1146; x_wconf 89' lang='lat' dir='ltr'><strong>inter</strong></span> <span class='ocrx_word' id='word_1_152' title='bbox 1258 1122 1299 1146; x_wconf 90' lang='lat' dir='ltr'><strong>se</strong></span> <span class='ocrx_word' id='word_1_153' title='bbox 1323 1109 1616 1146; x_wconf 89' lang='lat' dir='ltr'><strong>communicandi</strong></span> <span class='ocrx_word' id='word_1_154' title='bbox 1641 1109 1854 1147; x_wconf 85' lang='lat' dir='ltr'><strong>facultatem</strong></span> <span class='ocrx_word' id='word_1_155' title='bbox 1881 1122 1967 1146; x_wconf 90' lang='lat' dir='ltr'><strong>con-</strong></span> 
     </span>
     <span class='ocr_line' id='line_1_15' title="bbox 212 1174 1967 1226; baseline -0.002 -11"><span class='ocrx_word' id='word_1_156' title='bbox 212 1177 340 1216; x_wconf 86' lang='lat' dir='ltr'><strong>cedere</strong></span> <span class='ocrx_word' id='word_1_157' title='bbox 367 1176 559 1225; x_wconf 73' lang='lat' dir='ltr'><strong>debemus,</strong></span> <span class='ocrx_word' id='word_1_158' title='bbox 593 1188 662 1213; x_wconf 86' lang='lat' dir='ltr'><strong>nec</strong></span> <span class='ocrx_word' id='word_1_159' title='bbox 690 1177 722 1213; x_wconf 89' lang='lat' dir='ltr'><strong>si</strong></span> <span class='ocrx_word' id='word_1_160' title='bbox 748 1176 905 1212; x_wconf 86' lang='lat' dir='ltr'><strong>maxime</strong></span> <span class='ocrx_word' id='word_1_161' title='bbox 930 1174 1012 1213; x_wconf 89' lang='lat' dir='ltr'><strong>fieri</strong></span> <span class='ocrx_word' id='word_1_162' title='bbox 1036 1181 1200 1226; x_wconf 88' lang='lat' dir='ltr'><strong>poterat,</strong></span> <span class='ocrx_word' id='word_1_163' title='bbox 1227 1181 1267 1212; x_wconf 90' lang='lat' dir='ltr'><strong>ut</strong></span> <span class='ocrx_word' id='word_1_164' title='bbox 1291 1188 1465 1225; x_wconf 88' lang='lat' dir='ltr'><strong>perverso</strong></span> <span class='ocrx_word' id='word_1_165' title='bbox 1492 1175 1555 1213; x_wconf 88' lang='lat' dir='ltr'><strong>illo</strong></span> <span class='ocrx_word' id='word_1_166' title='bbox 1578 1176 1856 1213; x_wconf 87' lang='lat' dir='ltr'><strong>successionum</strong></span> <span class='ocrx_word' id='word_1_167' title='bbox 1881 1188 1967 1212; x_wconf 90' lang='lat' dir='ltr'><strong>con-</strong></span> 
     </span>
     <span class='ocr_line' id='line_1_16' title="bbox 212 1240 1967 1293; baseline -0.001 -12"><span class='ocrx_word' id='word_1_168' title='bbox 212 1242 448 1281; x_wconf 87' lang='lat' dir='ltr'><strong>ciliandarum</strong></span> <span class='ocrx_word' id='word_1_169' title='bbox 467 1242 588 1279; x_wconf 88' lang='lat' dir='ltr'><strong>studio</strong></span> <span class='ocrx_word' id='word_1_170' title='bbox 610 1248 815 1292; x_wconf 86' lang='lat' dir='ltr'><strong>temporum</strong></span> <span class='ocrx_word' id='word_1_171' title='bbox 839 1240 986 1279; x_wconf 85' lang='lat' dir='ltr'><strong>ordines</strong></span> <span class='ocrx_word' id='word_1_172' title='bbox 1012 1241 1259 1290; x_wconf 88' lang='lat' dir='ltr'><strong>turbarentur,</strong></span> <span class='ocrx_word' id='word_1_173' title='bbox 1286 1242 1365 1280; x_wconf 87' lang='lat' dir='ltr'><strong>sola</strong></span> <span class='ocrx_word' id='word_1_174' title='bbox 1391 1242 1482 1279; x_wconf 87' lang='lat' dir='ltr'><strong>haec</strong></span> <span class='ocrx_word' id='word_1_175' title='bbox 1510 1241 1796 1293; x_wconf 85' lang='lat' dir='ltr'><strong>corrumpendae</strong></span> <span class='ocrx_word' id='word_1_176' title='bbox 1814 1242 1967 1280; x_wconf 88' lang='lat' dir='ltr'><strong>chrono-</strong></span> 
     </span>
     <span class='ocr_line' id='line_1_17' title="bbox 210 1308 1967 1361; baseline -0.001 -14"><span class='ocrx_word' id='word_1_177' title='bbox 210 1310 332 1361; x_wconf 89' lang='lat' dir='ltr'><strong>logiae</strong></span> <span class='ocrx_word' id='word_1_178' title='bbox 358 1322 469 1346; x_wconf 88' lang='lat' dir='ltr'><strong>causa</strong></span> <span class='ocrx_word' id='word_1_179' title='bbox 498 1314 594 1357; x_wconf 79' lang='lat' dir='ltr'><strong>erat;</strong></span> <span class='ocrx_word' id='word_1_180' title='bbox 629 1308 696 1345; x_wconf 89' lang='lat' dir='ltr'><strong>sed</strong></span> <span class='ocrx_word' id='word_1_181' title='bbox 721 1309 761 1344; x_wconf 89' lang='lat' dir='ltr'><strong>in</strong></span> <span class='ocrx_word' id='word_1_182' title='bbox 786 1314 889 1345; x_wconf 88' lang='lat' dir='ltr'><strong>tanta</strong></span> <span class='ocrx_word' id='word_1_183' title='bbox 913 1309 1043 1345; x_wconf 90' lang='lat' dir='ltr'><strong>harum</strong></span> <span class='ocrx_word' id='word_1_184' title='bbox 1068 1322 1189 1346; x_wconf 91' lang='lat' dir='ltr'><strong>rerum</strong></span> <span class='ocrx_word' id='word_1_185' title='bbox 1213 1308 1452 1358; x_wconf 88' lang='lat' dir='ltr'><strong>ambiguitate</strong></span> <span class='ocrx_word' id='word_1_186' title='bbox 1479 1314 1515 1346; x_wconf 90' lang='lat' dir='ltr'><strong>et</strong></span> <span class='ocrx_word' id='word_1_187' title='bbox 1539 1308 1802 1359; x_wconf 87' lang='lat' dir='ltr'><strong>discrepantia,</strong></span> <span class='ocrx_word' id='word_1_188' title='bbox 1830 1315 1967 1360; x_wconf 87' lang='lat' dir='ltr'><strong>quanta</strong></span> 
     </span>
     <span class='ocr_line' id='line_1_18' title="bbox 211 1374 1967 1426; baseline -0.001 -13"><span class='ocrx_word' id='word_1_189' title='bbox 211 1376 270 1413; x_wconf 85' lang='lat' dir='ltr'><strong>vel</strong></span> <span class='ocrx_word' id='word_1_190' title='bbox 304 1389 403 1412; x_wconf 89' lang='lat' dir='ltr'><strong>nunc</strong></span> <span class='ocrx_word' id='word_1_191' title='bbox 442 1381 479 1412; x_wconf 87' lang='lat' dir='ltr'><strong>et</strong></span> <span class='ocrx_word' id='word_1_192' title='bbox 518 1376 557 1411; x_wconf 89' lang='lat' dir='ltr'><strong>in</strong></span> <span class='ocrx_word' id='word_1_193' title='bbox 590 1376 674 1412; x_wconf 82' lang='lat' dir='ltr'><strong>vitis</strong></span> <span class='ocrx_word' id='word_1_194' title='bbox 706 1375 894 1412; x_wconf 88' lang='lat' dir='ltr'><strong>hominum</strong></span> <span class='ocrx_word' id='word_1_195' title='bbox 935 1374 1278 1412; x_wconf 87' lang='lat' dir='ltr'><strong>circumscribendis</strong></span> <span class='ocrx_word' id='word_1_196' title='bbox 1326 1382 1363 1412; x_wconf 93' lang='lat' dir='ltr'><strong>et</strong></span> <span class='ocrx_word' id='word_1_197' title='bbox 1398 1376 1438 1411; x_wconf 91' lang='lat' dir='ltr'><strong>in</strong></span> <span class='ocrx_word' id='word_1_198' title='bbox 1473 1375 1711 1413; x_wconf 85' lang='lat' dir='ltr'><strong>finitimorum</strong></span> <span class='ocrx_word' id='word_1_199' title='bbox 1748 1375 1967 1426; x_wconf 88' lang='lat' dir='ltr'><strong>populorum</strong></span> 
     </span>
     <span class='ocr_line' id='line_1_19' title="bbox 211 1440 1968 1492; baseline -0.001 -12"><span class='ocrx_word' id='word_1_200' title='bbox 211 1444 339 1492; x_wconf 84' lang='lat' dir='ltr'><strong>regnis</strong></span> <span class='ocrx_word' id='word_1_201' title='bbox 366 1440 581 1479; x_wconf 84' lang='lat' dir='ltr'><strong>definiendis</strong></span> <span class='ocrx_word' id='word_1_202' title='bbox 608 1448 645 1478; x_wconf 90' lang='lat' dir='ltr'><strong>et</strong></span> <span class='ocrx_word' id='word_1_203' title='bbox 671 1442 710 1477; x_wconf 90' lang='lat' dir='ltr'><strong>in</strong></span> <span class='ocrx_word' id='word_1_204' title='bbox 735 1442 817 1490; x_wconf 85' lang='lat' dir='ltr'><strong>ipsa</strong></span> <span class='ocrx_word' id='word_1_205' title='bbox 843 1441 982 1490; x_wconf 83' lang='lat' dir='ltr'><strong>epocha</strong></span> <span class='ocrx_word' id='word_1_206' title='bbox 1009 1442 1193 1491; x_wconf 86' lang='lat' dir='ltr'><strong>Trojana,</strong></span> <span class='ocrx_word' id='word_1_207' title='bbox 1219 1440 1316 1477; x_wconf 87' lang='lat' dir='ltr'><strong>unde</strong></span> <span class='ocrx_word' id='word_1_208' title='bbox 1341 1441 1537 1492; x_wconf 85' lang='lat' dir='ltr'><strong>pleraeque</strong></span> <span class='ocrx_word' id='word_1_209' title='bbox 1566 1443 1791 1479; x_wconf 88' lang='lat' dir='ltr'><strong>Graecorum</strong></span> <span class='ocrx_word' id='word_1_210' title='bbox 1820 1455 1968 1491; x_wconf 89' lang='lat' dir='ltr'><strong>compu-</strong></span> 
     </span>
     <span class='ocr_line' id='line_1_20' title="bbox 211 1505 1967 1559; baseline -0.001 -13"><span class='ocrx_word' id='word_1_211' title='bbox 211 1508 372 1546; x_wconf 90' lang='lat' dir='ltr'><strong>tationes</strong></span> <span class='ocrx_word' id='word_1_212' title='bbox 400 1506 685 1557; x_wconf 81' lang='lat' dir='ltr'><strong>chronologicae</strong></span> <span class='ocrx_word' id='word_1_213' title='bbox 711 1505 888 1557; x_wconf 86' lang='lat' dir='ltr'><strong>pendent,</strong></span> <span class='ocrx_word' id='word_1_214' title='bbox 924 1505 1141 1545; x_wconf 87' lang='lat' dir='ltr'><strong>stabilienda</strong></span> <span class='ocrx_word' id='word_1_215' title='bbox 1173 1505 1271 1557; x_wconf 89' lang='lat' dir='ltr'><strong>apud</strong></span> <span class='ocrx_word' id='word_1_216' title='bbox 1293 1512 1434 1546; x_wconf 83' lang='lat' dir='ltr'><strong>veteres</strong></span> <span class='ocrx_word' id='word_1_217' title='bbox 1462 1508 1661 1559; x_wconf 88' lang='lat' dir='ltr'><strong>scriptores</strong></span> <span class='ocrx_word' id='word_1_218' title='bbox 1688 1514 1856 1558; x_wconf 91' lang='lat' dir='ltr'><strong>apparet,</strong></span> <span class='ocrx_word' id='word_1_219' title='bbox 1890 1520 1967 1545; x_wconf 90' lang='lat' dir='ltr'><strong>non</strong></span> 
     </span>
     <span class='ocr_line' id='line_1_21' title="bbox 211 1572 1967 1625; baseline -0.001 -15"><span class='ocrx_word' id='word_1_220' title='bbox 211 1575 331 1610; x_wconf 93' lang='lat' dir='ltr'><strong>minor</strong></span> <span class='ocrx_word' id='word_1_221' title='bbox 357 1575 396 1609; x_wconf 92' lang='lat' dir='ltr'><strong>in</strong></span> <span class='ocrx_word' id='word_1_222' title='bbox 423 1572 679 1622; x_wconf 88' lang='lat' dir='ltr'><strong>disjungendis</strong></span> <span class='ocrx_word' id='word_1_223' title='bbox 712 1586 819 1623; x_wconf 87' lang='lat' dir='ltr'><strong>quam</strong></span> <span class='ocrx_word' id='word_1_224' title='bbox 847 1574 887 1609; x_wconf 91' lang='lat' dir='ltr'><strong>in</strong></span> <span class='ocrx_word' id='word_1_225' title='bbox 914 1574 1168 1622; x_wconf 88' lang='lat' dir='ltr'><strong>comparandis</strong></span> <span class='ocrx_word' id='word_1_226' title='bbox 1201 1574 1502 1625; x_wconf 88' lang='lat' dir='ltr'><strong>philosophorum</strong></span> <span class='ocrx_word' id='word_1_227' title='bbox 1535 1574 1712 1611; x_wconf 85' lang='lat' dir='ltr'><strong>aetatibus</strong></span> <span class='ocrx_word' id='word_1_228' title='bbox 1746 1574 1881 1610; x_wconf 89' lang='lat' dir='ltr'><strong>erroris</strong></span> <span class='ocrx_word' id='word_1_229' title='bbox 1908 1574 1967 1609; x_wconf 79' lang='lat' dir='ltr'><strong>via</strong></span> 
     </span>
     <span class='ocr_line' id='line_1_22' title="bbox 210 1638 1966 1691; baseline -0.001 -15"><span class='ocrx_word' id='word_1_230' title='bbox 210 1638 378 1690; x_wconf 70' lang='lat' dir='ltr'><strong>patebat,</strong></span> <span class='ocrx_word' id='word_1_231' title='bbox 418 1651 511 1688; x_wconf 89' lang='lat' dir='ltr'><strong>quae</strong></span> <span class='ocrx_word' id='word_1_232' title='bbox 544 1651 657 1689; x_wconf 89' lang='lat' dir='ltr'><strong>quum</strong></span> <span class='ocrx_word' id='word_1_233' title='bbox 691 1638 741 1675; x_wconf 81' lang='lat' dir='ltr'><strong>ita</strong></span> <span class='ocrx_word' id='word_1_234' title='bbox 776 1639 870 1687; x_wconf 88' lang='lat' dir='ltr'><strong>sint,</strong></span> <span class='ocrx_word' id='word_1_235' title='bbox 904 1653 949 1676; x_wconf 90' lang='lat' dir='ltr'><strong>ne</strong></span> <span class='ocrx_word' id='word_1_236' title='bbox 976 1640 1252 1677; x_wconf 88' lang='lat' dir='ltr'><strong>successionum</strong></span> <span class='ocrx_word' id='word_1_237' title='bbox 1286 1639 1432 1691; x_wconf 89' lang='lat' dir='ltr'><strong>quidem</strong></span> <span class='ocrx_word' id='word_1_238' title='bbox 1466 1639 1595 1677; x_wconf 82' lang='lat' dir='ltr'><strong>fraude</strong></span> <span class='ocrx_word' id='word_1_239' title='bbox 1629 1639 1789 1677; x_wconf 84' lang='lat' dir='ltr'><strong>cavenda</strong></span> <span class='ocrx_word' id='word_1_240' title='bbox 1823 1651 1966 1676; x_wconf 88' lang='lat' dir='ltr'><strong>omnem</strong></span> 
     </span>
     <span class='ocr_line' id='line_1_23' title="bbox 210 1704 1964 1757; baseline -0.001 -14"><span class='ocrx_word' id='word_1_241' title='bbox 210 1719 374 1743; x_wconf 86' lang='lat' dir='ltr'><strong>errorem</strong></span> <span class='ocrx_word' id='word_1_242' title='bbox 399 1705 507 1741; x_wconf 81' lang='lat' dir='ltr'><strong>vitari</strong></span> <span class='ocrx_word' id='word_1_243' title='bbox 535 1704 660 1741; x_wconf 90' lang='lat' dir='ltr'><strong>claret.</strong></span> <span class='ocrx_word' id='word_1_244' title='bbox 714 1704 860 1742; x_wconf 89' lang='lat' dir='ltr'><strong>Pendet</strong></span> <span class='ocrx_word' id='word_1_245' title='bbox 879 1712 999 1742; x_wconf 87' lang='lat' dir='ltr'><strong>autem</strong></span> <span class='ocrx_word' id='word_1_246' title='bbox 1019 1711 1095 1743; x_wconf 90' lang='lat' dir='ltr'><strong>tota</strong></span> <span class='ocrx_word' id='word_1_247' title='bbox 1121 1706 1211 1743; x_wconf 90' lang='lat' dir='ltr'><strong>haec</strong></span> <span class='ocrx_word' id='word_1_248' title='bbox 1234 1707 1400 1757; x_wconf 87' lang='lat' dir='ltr'><strong>quaestio</strong></span> <span class='ocrx_word' id='word_1_249' title='bbox 1423 1719 1534 1757; x_wconf 88' lang='lat' dir='ltr'><strong>quum</strong></span> <span class='ocrx_word' id='word_1_250' title='bbox 1558 1704 1603 1742; x_wconf 89' lang='lat' dir='ltr'><strong>ab</strong></span> <span class='ocrx_word' id='word_1_251' title='bbox 1624 1706 1792 1743; x_wconf 87' lang='lat' dir='ltr'><strong>universa</strong></span> <span class='ocrx_word' id='word_1_252' title='bbox 1814 1705 1964 1756; x_wconf 86' lang='lat' dir='ltr'><strong>scripto—</strong></span> 
     </span>
     <span class='ocr_line' id='line_1_24' title="bbox 208 1771 1964 1824; baseline -0.001 -14"><span class='ocrx_word' id='word_1_253' title='bbox 208 1787 291 1810; x_wconf 91' lang='lat' dir='ltr'><strong>rum</strong></span> <span class='ocrx_word' id='word_1_254' title='bbox 316 1773 556 1819; x_wconf 83' lang='lat' dir='ltr'><strong>auctoritate,</strong></span> <span class='ocrx_word' id='word_1_255' title='bbox 590 1778 668 1808; x_wconf 91' lang='lat' dir='ltr'><strong>tum</strong></span> <span class='ocrx_word' id='word_1_256' title='bbox 695 1771 741 1808; x_wconf 88' lang='lat' dir='ltr'><strong>ab</strong></span> <span class='ocrx_word' id='word_1_257' title='bbox 768 1786 811 1809; x_wconf 90' lang='lat' dir='ltr'><strong>eo</strong></span> <span class='ocrx_word' id='word_1_258' title='bbox 838 1786 954 1820; x_wconf 84' lang='lat' dir='ltr'><strong>nexu,</strong></span> <span class='ocrx_word' id='word_1_259' title='bbox 990 1786 1064 1824; x_wconf 88' lang='lat' dir='ltr'><strong>quo</strong></span> <span class='ocrx_word' id='word_1_260' title='bbox 1097 1787 1156 1810; x_wconf 90' lang='lat' dir='ltr'><strong>res</strong></span> <span class='ocrx_word' id='word_1_261' title='bbox 1184 1772 1229 1809; x_wconf 92' lang='lat' dir='ltr'><strong>ab</strong></span> <span class='ocrx_word' id='word_1_262' title='bbox 1256 1772 1314 1809; x_wconf 90' lang='lat' dir='ltr'><strong>his</strong></span> <span class='ocrx_word' id='word_1_263' title='bbox 1348 1772 1502 1811; x_wconf 85' lang='lat' dir='ltr'><strong>traditae</strong></span> <span class='ocrx_word' id='word_1_264' title='bbox 1534 1787 1615 1810; x_wconf 90' lang='lat' dir='ltr'><strong>cum</strong></span> <span class='ocrx_word' id='word_1_265' title='bbox 1643 1773 1723 1810; x_wconf 89' lang='lat' dir='ltr'><strong>aliis</strong></span> <span class='ocrx_word' id='word_1_266' title='bbox 1749 1772 1858 1810; x_wconf 90' lang='lat' dir='ltr'><strong>rebus</strong></span> <span class='ocrx_word' id='word_1_267' title='bbox 1880 1772 1964 1823; x_wconf 89' lang='lat' dir='ltr'><strong>jun·</strong></span> 
     </span>
     <span class='ocr_line' id='line_1_25' title="bbox 209 1836 1964 1891; baseline 0 -16"><span class='ocrx_word' id='word_1_268' title='bbox 209 1836 369 1891; x_wconf 84' lang='lat' dir='ltr'><strong>guntur,</strong></span> <span class='ocrx_word' id='word_1_269' title='bbox 409 1851 563 1890; x_wconf 87' lang='lat' dir='ltr'><strong>quarum</strong></span> <span class='ocrx_word' id='word_1_270' title='bbox 590 1838 736 1876; x_wconf 87' lang='lat' dir='ltr'><strong>aliunde</strong></span> <span class='ocrx_word' id='word_1_271' title='bbox 762 1844 926 1890; x_wconf 92' lang='lat' dir='ltr'><strong>tempora</strong></span> <span class='ocrx_word' id='word_1_272' title='bbox 954 1845 1123 1876; x_wconf 90' lang='lat' dir='ltr'><strong>constant</strong></span> <span class='ocrx_word' id='word_1_273' title='bbox 1131 1853 1142 1889; x_wconf 85' lang='lat'><em>3</em></span> <span class='ocrx_word' id='word_1_274' title='bbox 1182 1845 1367 1889; x_wconf 85' lang='lat' dir='ltr'><strong>postremo</strong></span> <span class='ocrx_word' id='word_1_275' title='bbox 1393 1840 1426 1876; x_wconf 92' lang='lat' dir='ltr'><strong>si</strong></span> <span class='ocrx_word' id='word_1_276' title='bbox 1456 1845 1608 1877; x_wconf 89' lang='lat' dir='ltr'><strong>aetatem</strong></span> <span class='ocrx_word' id='word_1_277' title='bbox 1635 1839 1793 1891; x_wconf 88' lang='lat' dir='ltr'><strong>aliquam</strong></span> <span class='ocrx_word' id='word_1_278' title='bbox 1818 1839 1964 1877; x_wconf 90' lang='lat' dir='ltr'><strong>ratioci-</strong></span> 
     </span>
     <span class='ocr_line' id='line_1_26' title="bbox 207 1904 1963 1956; baseline 0.001 -15"><span class='ocrx_word' id='word_1_279' title='bbox 207 1904 331 1942; x_wconf 89' lang='lat' dir='ltr'><strong>nando</strong></span> <span class='ocrx_word' id='word_1_280' title='bbox 357 1905 485 1954; x_wconf 86' lang='lat' dir='ltr'><strong>potius</strong></span> <span class='ocrx_word' id='word_1_281' title='bbox 510 1918 619 1955; x_wconf 87' lang='lat' dir='ltr'><strong>quam</strong></span> <span class='ocrx_word' id='word_1_282' title='bbox 647 1906 798 1956; x_wconf 85' lang='lat' dir='ltr'><strong>antiqua</strong></span> <span class='ocrx_word' id='word_1_283' title='bbox 822 1906 896 1943; x_wconf 81' lang='lat' dir='ltr'><strong>fide</strong></span> <span class='ocrx_word' id='word_1_284' title='bbox 923 1920 943 1943; x_wconf 90' lang='lat' dir='ltr'><strong>a</strong></span> <span class='ocrx_word' id='word_1_285' title='bbox 969 1906 1149 1955; x_wconf 87' lang='lat' dir='ltr'><strong>scriptore</strong></span> <span class='ocrx_word' id='word_1_286' title='bbox 1174 1907 1358 1943; x_wconf 83' lang='lat' dir='ltr'><strong>inventam</strong></span> <span class='ocrx_word' id='word_1_287' title='bbox 1384 1920 1465 1943; x_wconf 89' lang='lat' dir='ltr'><strong>esse</strong></span> <span class='ocrx_word' id='word_1_288' title='bbox 1496 1906 1669 1943; x_wconf 88' lang='lat' dir='ltr'><strong>credibile</strong></span> <span class='ocrx_word' id='word_1_289' title='bbox 1694 1913 1769 1953; x_wconf 87' lang='lat' dir='ltr'><strong>est,</strong></span> <span class='ocrx_word' id='word_1_290' title='bbox 1796 1913 1963 1944; x_wconf 88' lang='lat' dir='ltr'><strong>nostrum</strong></span> 
     </span>
     <span class='ocr_line' id='line_1_27' title="bbox 206 1969 1963 2022; baseline 0.001 -15"><span class='ocrx_word' id='word_1_291' title='bbox 206 1970 287 2018; x_wconf 84' lang='lat' dir='ltr'><strong>erit,</strong></span> <span class='ocrx_word' id='word_1_292' title='bbox 314 1975 356 2008; x_wconf 88' lang='lat' dir='ltr'><strong>ut</strong></span> <span class='ocrx_word' id='word_1_293' title='bbox 381 1969 463 2021; x_wconf 85' lang='lat' dir='ltr'><strong>ejus</strong></span> <span class='ocrx_word' id='word_1_294' title='bbox 488 1970 776 2008; x_wconf 88' lang='lat' dir='ltr'><strong>ratiocinationis</strong></span> <span class='ocrx_word' id='word_1_295' title='bbox 802 1983 932 2008; x_wconf 90' lang='lat' dir='ltr'><strong>causas</strong></span> <span class='ocrx_word' id='word_1_296' title='bbox 959 1971 1206 2009; x_wconf 87' lang='lat' dir='ltr'><strong>examinemus</strong></span> <span class='ocrx_word' id='word_1_297' title='bbox 1232 1984 1344 2021; x_wconf 88' lang='lat' dir='ltr'><strong>eoque</strong></span> <span class='ocrx_word' id='word_1_298' title='bbox 1372 1971 1471 2009; x_wconf 80' lang='lat' dir='ltr'><strong>facto</strong></span> <span class='ocrx_word' id='word_1_299' title='bbox 1496 1985 1572 2009; x_wconf 88' lang='lat' dir='ltr'><strong>rem</strong></span> <span class='ocrx_word' id='word_1_300' title='bbox 1600 1970 1646 2009; x_wconf 80' lang='lat' dir='ltr'><strong>acl</strong></span> <span class='ocrx_word' id='word_1_301' title='bbox 1672 1978 1838 2009; x_wconf 88' lang='lat' dir='ltr'><strong>nostrum</strong></span> <span class='ocrx_word' id='word_1_302' title='bbox 1865 1972 1963 2022; x_wconf 90' lang='lat' dir='ltr'><strong>ipso-</strong></span> 
     </span>
     <span class='ocr_line' id='line_1_28' title="bbox 205 2036 1963 2088; baseline 0.001 -15"><span class='ocrx_word' id='word_1_303' title='bbox 205 2052 285 2074; x_wconf 88' lang='lat' dir='ltr'><strong>rum</strong></span> <span class='ocrx_word' id='word_1_304' title='bbox 320 2036 505 2087; x_wconf 87' lang='lat' dir='ltr'><strong>judicium</strong></span> <span class='ocrx_word' id='word_1_305' title='bbox 539 2051 772 2087; x_wconf 68' lang='lat' dir='ltr'><strong>revocemus,</strong></span> <span class='ocrx_word' id='word_1_306' title='bbox 808 2038 881 2074; x_wconf 88' lang='lat' dir='ltr'><strong>hoc</strong></span> <span class='ocrx_word' id='word_1_307' title='bbox 915 2039 1028 2087; x_wconf 88' lang='lat' dir='ltr'><strong>igitur</strong></span> <span class='ocrx_word' id='word_1_308' title='bbox 1064 2037 1175 2073; x_wconf 89' lang='lat' dir='ltr'><strong>modo</strong></span> <span class='ocrx_word' id='word_1_309' title='bbox 1214 2050 1311 2073; x_wconf 91' lang='lat' dir='ltr'><strong>nunc</strong></span> <span class='ocrx_word' id='word_1_310' title='bbox 1348 2052 1490 2088; x_wconf 86' lang='lat' dir='ltr'><strong>quoque</strong></span> <span class='ocrx_word' id='word_1_311' title='bbox 1524 2040 1673 2075; x_wconf 90' lang='lat' dir='ltr'><strong>Ionicos</strong></span> <span class='ocrx_word' id='word_1_312' title='bbox 1709 2038 1963 2088; x_wconf 88' lang='lat' dir='ltr'><strong>philosophos,</strong></span> 
     </span>
     <span class='ocr_line' id='line_1_29' title="bbox 206 2102 1963 2155; baseline 0.001 -16"><span class='ocrx_word' id='word_1_313' title='bbox 206 2116 361 2153; x_wconf 89' lang='lat' dir='ltr'><strong>quorum</strong></span> <span class='ocrx_word' id='word_1_314' title='bbox 394 2103 552 2141; x_wconf 84' lang='lat' dir='ltr'><strong>maxime</strong></span> <span class='ocrx_word' id='word_1_315' title='bbox 586 2102 757 2155; x_wconf 84' lang='lat' dir='ltr'><strong>ambigua</strong></span> <span class='ocrx_word' id='word_1_316' title='bbox 789 2110 826 2141; x_wconf 88' lang='lat' dir='ltr'><strong>et</strong></span> <span class='ocrx_word' id='word_1_317' title='bbox 860 2109 1093 2141; x_wconf 86' lang='lat' dir='ltr'><strong>controversa</strong></span> <span class='ocrx_word' id='word_1_318' title='bbox 1124 2110 1287 2154; x_wconf 85' lang='lat' dir='ltr'><strong>tempora</strong></span> <span class='ocrx_word' id='word_1_319' title='bbox 1317 2103 1516 2152; x_wconf 89' lang='lat' dir='ltr'><strong>habentur,</strong></span> <span class='ocrx_word' id='word_1_320' title='bbox 1549 2105 1601 2141; x_wconf 88' lang='lat' dir='ltr'><strong>ita</strong></span> <span class='ocrx_word' id='word_1_321' title='bbox 1628 2103 1885 2152; x_wconf 86' lang='lat' dir='ltr'><strong>tractabimus,</strong></span> <span class='ocrx_word' id='word_1_322' title='bbox 1921 2111 1963 2142; x_wconf 91' lang='lat' dir='ltr'><strong>ut</strong></span> 
     </span>
    </p>
   </div>
   <div class='ocr_carea' id='block_1_2' title="bbox 411 2187 663 2194">
    <p class='ocr_par' dir='ltr' id='par_1_2' title="bbox 411 2187 663 2194">
     <span class='ocr_line' id='line_1_30' title="bbox 411 2187 663 2194; baseline 0 0"><span class='ocrx_word' id='word_1_323' title='bbox 411 2187 663 2194; x_wconf 95' lang='lat' dir='ltr'><strong> </strong></span> 
     </span>
    </p>
   </div>
   <div class='ocr_carea' id='block_1_3' title="bbox 228 2189 409 2204">
    <p class='ocr_par' dir='ltr' id='par_1_3' title="bbox 228 2189 409 2204">
     <span class='ocr_line' id='line_1_31' title="bbox 228 2189 409 2204; baseline 0 695"><span class='ocrx_word' id='word_1_324' title='bbox 228 2189 409 2204; x_wconf 95' lang='lat' dir='ltr'><strong> </strong></span> 
     </span>
    </p>
   </div>
   <div class='ocr_carea' id='block_1_4' title="bbox 280 2240 1309 2278">
    <p class='ocr_par' dir='ltr' id='par_1_4' title="bbox 280 2240 1309 2278">
     <span class='ocr_line' id='line_1_32' title="bbox 280 2240 1309 2278; baseline 0 -11"><span class='ocrx_word' id='word_1_325' title='bbox 280 2242 308 2275; x_wconf 85' lang='lat'><strong>3)</strong></span> <span class='ocrx_word' id='word_1_326' title='bbox 329 2243 412 2278; x_wconf 80' lang='lat' dir='ltr'><strong>Di.og</strong></span> <span class='ocrx_word' id='word_1_327' title='bbox 434 2243 467 2269; x_wconf 91' lang='lat' dir='ltr'><strong>L.</strong></span> <span class='ocrx_word' id='word_1_328' title='bbox 491 2244 621 2269; x_wconf 80' lang='lat' dir='ltr'><strong>Prooem.</strong></span> <span class='ocrx_word' id='word_1_329' title='bbox 644 2243 670 2278; x_wconf 77' lang='lat'><strong>§-</strong></span> <span class='ocrx_word' id='word_1_330' title='bbox 692 2242 743 2274; x_wconf 78' lang='lat'><strong>12;</strong></span> <span class='ocrx_word' id='word_1_331' title='bbox 770 2242 808 2269; x_wconf 76' lang='lat' dir='ltr'><strong>cf.</strong></span> <span class='ocrx_word' id='word_1_332' title='bbox 833 2241 928 2268; x_wconf 71' lang='lat' dir='ltr'><strong>Davis-</strong></span> <span class='ocrx_word' id='word_1_333' title='bbox 949 2242 985 2267; x_wconf 85' lang='lat' dir='ltr'><strong>ad</strong></span> <span class='ocrx_word' id='word_1_334' title='bbox 1005 2241 1065 2268; x_wconf 87' lang='lat' dir='ltr'><strong>Cic.</strong></span> <span class='ocrx_word' id='word_1_335' title='bbox 1087 2241 1202 2268; x_wconf 77' lang='lat' dir='ltr'><strong>Tuscul.</strong></span> <span class='ocrx_word' id='word_1_336' title='bbox 1225 2240 1260 2267; x_wconf 89' lang='lat' dir='ltr'><strong>V.</strong></span> <span class='ocrx_word' id='word_1_337' title='bbox 1283 2240 1309 2266; x_wconf 86' lang='lat'><strong>3.</strong></span> 
     </span>
    </p>
   </div>
   <div class='ocr_carea' id='block_1_5' title="bbox 202 2289 1961 2475">
    <p class='ocr_par' dir='ltr' id='par_1_5' title="bbox 202 2289 1961 2432">
     <span class='ocr_line' id='line_1_33' title="bbox 279 2289 1961 2330; baseline 0.001 -11"><span class='ocrx_word' id='word_1_338' title='bbox 279 2294 307 2325; x_wconf 73' lang='lat'><strong>4)</strong></span> <span class='ocrx_word' id='word_1_339' title='bbox 328 2294 375 2320; x_wconf 78' lang='lat' dir='ltr'><strong>Pla</strong></span> <span class='ocrx_word' id='word_1_340' title='bbox 378 2298 399 2320; x_wconf 85' lang='lat' dir='ltr'><strong>t.</strong></span> <span class='ocrx_word' id='word_1_341' title='bbox 422 2295 458 2320; x_wconf 77' lang='lat' dir='ltr'><strong>Pr</strong></span> <span class='ocrx_word' id='word_1_342' title='bbox 459 2299 503 2321; x_wconf 76' lang='lat' dir='ltr'><strong>ota</strong></span> <span class='ocrx_word' id='word_1_343' title='bbox 489 2305 534 2330; x_wconf 74' lang='lat' dir='ltr'><strong>ag.</strong></span> <span class='ocrx_word' id='word_1_344' title='bbox 556 2305 585 2330; x_wconf 66' lang='grc' dir='ltr'><strong>Ρ.</strong></span> <span class='ocrx_word' id='word_1_345' title='bbox 603 2294 658 2321; x_wconf 75' lang='lat'><strong>3⁴9</strong></span> <span class='ocrx_word' id='word_1_346' title='bbox 677 2296 713 2320; x_wconf 68' lang='lat' dir='ltr'><strong>A:</strong></span> <span class='ocrx_word' id='word_1_347' title='bbox 738 2297 815 2320; x_wconf 70' lang='lat' dir='ltr'><strong>aulo</strong></span> <span class='ocrx_word' id='word_1_348' title='bbox 818 2290 872 2320; x_wconf 59' lang='grc' dir='ltr'><strong>ἴτω</strong></span> <span class='ocrx_word' id='word_1_349' title='bbox 892 2304 942 2320; x_wconf 77' lang='lat' dir='ltr'><strong>nm</strong></span> <span class='ocrx_word' id='word_1_350' title='bbox 944 2297 988 2321; x_wconf 79' lang='grc' dir='ltr'><strong>ι’τσ</strong></span> <span class='ocrx_word' id='word_1_351' title='bbox 1036 2304 1068 2323; x_wconf 74' lang='lat' dir='ltr'><strong>uc</strong></span> <span class='ocrx_word' id='word_1_352' title='bbox 1087 2304 1120 2320; x_wconf 80' lang='lat' dir='ltr'><strong>ou</strong></span> <span class='ocrx_word' id='word_1_353' title='bbox 1104 2295 1187 2328; x_wconf 70' lang='grc' dir='ltr'><strong><em>αυτ-ᾔ,</em></strong></span> <span class='ocrx_word' id='word_1_354' title='bbox 1207 2289 1271 2323; x_wconf 66' lang='grc' dir='ltr'><strong>ὥςτε</strong></span> <span class='ocrx_word' id='word_1_355' title='bbox 1290 2295 1334 2318; x_wconf 75' lang='grc' dir='ltr'><strong>καὶ</strong></span> <span class='ocrx_word' id='word_1_356' title='bbox 1353 2291 1439 2319; x_wconf 70' lang='grc' dir='ltr'><em>ἄλλων</em></span> <span class='ocrx_word' id='word_1_357' title='bbox 1456 2291 1559 2327; x_wconf 71' lang='grc' dir='ltr'><em>ταύτην</em></span> <span class='ocrx_word' id='word_1_358' title='bbox 1576 2292 1626 2328; x_wconf 79' lang='grc' dir='ltr'><strong>τήν</strong></span> <span class='ocrx_word' id='word_1_359' title='bbox 1644 2294 1738 2327; x_wconf 69' lang='grc' dir='ltr'><strong><em>τέχνην</em></strong></span> <span class='ocrx_word' id='word_1_360' title='bbox 1757 2291 1961 2326; x_wconf 72' lang='grc' dir='ltr'><strong>ἀποκρυπτομέ-</strong></span> 
     </span>
     <span class='ocr_line' id='line_1_34' title="bbox 202 2340 1961 2379; baseline 0.001 -9"><span class='ocrx_word' id='word_1_361' title='bbox 202 2354 253 2369; x_wconf 75' lang='lat' dir='ltr'><strong>nn</strong></span> <span class='ocrx_word' id='word_1_362' title='bbox 279 2353 310 2368; x_wconf 83' lang='lat' dir='ltr'><strong>m·</strong></span> <span class='ocrx_word' id='word_1_363' title='bbox 337 2342 361 2376; x_wconf 82' lang='grc' dir='ltr'><strong>γ’</strong></span> <span class='ocrx_word' id='word_1_364' title='bbox 414 2355 483 2375; x_wconf 69' lang='lat' dir='ltr'><strong>“W</strong></span> <span class='ocrx_word' id='word_1_365' title='bbox 470 2343 533 2371; x_wconf 68' lang='grc' dir='ltr'><strong>νδνδ</strong></span> <span class='ocrx_word' id='word_1_366' title='bbox 585 2342 668 2371; x_wconf 66' lang='lat' dir='ltr'><strong>wurdt</strong></span> <span class='ocrx_word' id='word_1_367' title='bbox 693 2343 744 2371; x_wconf 64' lang='lat' dir='ltr'><strong>tiva</strong></span> <span class='ocrx_word' id='word_1_368' title='bbox 746 2354 826 2379; x_wconf 67' lang='lat' dir='ltr'><strong>11¹¹.qu</strong></span> <span class='ocrx_word' id='word_1_369' title='bbox 816 2345 892 2375; x_wconf 64' lang='grc' dir='ltr'><strong>ξιιὶενμ</strong></span> <span class='ocrx_word' id='word_1_370' title='bbox 893 2355 921 2374; x_wconf 80' lang='grc' dir='ltr'><strong>ος</strong></span> <span class='ocrx_word' id='word_1_371' title='bbox 948 2346 984 2373; x_wconf 70' lang='grc' dir='ltr'><strong>εἷς</strong></span> <span class='ocrx_word' id='word_1_372' title='bbox 1010 2343 1114 2373; x_wconf 73' lang='grc' dir='ltr'><strong><em>πάντας</em></strong></span> <span class='ocrx_word' id='word_1_373' title='bbox 1171 2342 1201 2373; x_wconf 73' lang='grc' dir='ltr'><strong>ι’ς·</strong></span> <span class='ocrx_word' id='word_1_374' title='bbox 1212 2340 1382 2378; x_wconf 60' lang='grc' dir='ltr'><strong>ς’νιιιΕιῐληιιιιις</strong></span> <span class='ocrx_word' id='word_1_375' title='bbox 1385 2341 1495 2377; x_wconf 72' lang='grc' dir='ltr'><strong>οφιστήν</strong></span> <span class='ocrx_word' id='word_1_376' title='bbox 1560 2343 1675 2373; x_wconf 63' lang='lat' dir='ltr'><strong>rotaticus·</strong></span> <span class='ocrx_word' id='word_1_377' title='bbox 1695 2342 1839 2369; x_wconf 64' lang='lat' dir='ltr'><strong>oravi-dra</strong></span> <span class='ocrx_word' id='word_1_378' title='bbox 1824 2342 1926 2378; x_wconf 73' lang='grc' dir='ltr'><strong>α’ίπφην</strong></span> <span class='ocrx_word' id='word_1_379' title='bbox 1928 2354 1961 2372; x_wconf 63' lang='grc' dir='ltr'><strong>ας</strong></span> 
     </span>
     <span class='ocr_line' id='line_1_35' title="bbox 204 2355 1958 2475; baseline 0.001 -56"><span class='ocrx_word' id='word_1_380' title='bbox 204 2405 220 2420; x_wconf 95' lang='lat'>.</span> <span class='ocrx_word' id='word_1_381' title='bbox 224 2391 329 2421; x_wconf 62' lang='lat' dir='ltr'><strong>moenio</strong></span> <span class='ocrx_word' id='word_1_382' title='bbox 319 2404 367 2423; x_wconf 77' lang='grc' dir='ltr'><strong>ως</strong></span> <span class='ocrx_word' id='word_1_383' title='bbox 393 2396 468 2420; x_wconf 51' lang='lat' dir='ltr'><strong>mh</strong></span> <span class='ocrx_word' id='word_1_384' title='bbox 461 2393 523 2428; x_wconf 73' lang='grc' dir='ltr'><strong>αἐτρ</strong></span> <span class='ocrx_word' id='word_1_385' title='bbox 526 2395 556 2430; x_wconf 78' lang='grc' dir='ltr'><strong>ἧς</strong></span> <span class='ocrx_word' id='word_1_386' title='bbox 556 2355 645 2422; x_wconf 56' lang='lat' dir='ltr'><strong>Madd&amp;</strong></span> <span class='ocrx_word' id='word_1_387' title='bbox 630 2405 677 2422; x_wconf 78' lang='grc' dir='ltr'><strong>ιικσ</strong></span> <span class='ocrx_word' id='word_1_388' title='bbox 664 2396 744 2422; x_wconf 76' lang='grc' dir='ltr'><strong><em>κοαλν</em></strong></span> <span class='ocrx_word' id='word_1_389' title='bbox 730 2407 758 2429; x_wconf 76' lang='grc' dir='ltr'><strong>ν,</strong></span> <span class='ocrx_word' id='word_1_390' title='bbox 786 2398 893 2432; x_wconf 78' lang='grc' dir='ltr'><strong><em>πρῶτος</em></strong></span> <span class='ocrx_word' id='word_1_391' title='bbox 916 2396 1013 2422; x_wconf 76' lang='grc' dir='ltr'><strong><em>τούτου</em></strong></span> <span class='ocrx_word' id='word_1_392' title='bbox 1038 2407 1068 2427; x_wconf 83' lang='grc' dir='ltr'><strong>μι</strong></span> <span class='ocrx_word' id='word_1_393' title='bbox 1060 2393 1138 2422; x_wconf 67' lang='lat' dir='ltr'><strong>suado</strong></span> <span class='ocrx_word' id='word_1_394' title='bbox 1175 2392 1269 2424; x_wconf 61' lang='lat' dir='ltr'><strong>Stolone</strong></span> <span class='ocrx_word' id='word_1_395' title='bbox 1270 2393 1352 2475; x_wconf 45' lang='lat'><strong>15:19</strong></span> <span class='ocrx_word' id='word_1_396' title='bbox 1338 2397 1436 2421; x_wconf 61' lang='lat' dir='ltr'><strong>vobem:</strong></span> <span class='ocrx_word' id='word_1_397' title='bbox 1463 2393 1501 2420; x_wconf 73' lang='lat' dir='ltr'><strong>cf.</strong></span> <span class='ocrx_word' id='word_1_398' title='bbox 1524 2392 1607 2420; x_wconf 80' lang='lat' dir='ltr'><strong>Meno</strong></span> <span class='ocrx_word' id='word_1_399' title='bbox 1592 2402 1657 2470; x_wconf 58' lang='grc'><strong>11».</strong></span> <span class='ocrx_word' id='word_1_400' title='bbox 1676 2392 1719 2420; x_wconf 76' lang='grc'><strong>91</strong></span> <span class='ocrx_word' id='word_1_401' title='bbox 1732 2393 1754 2419; x_wconf 89' lang='grc' dir='ltr'><strong>Ε</strong></span> <span class='ocrx_word' id='word_1_402' title='bbox 1774 2398 1802 2421; x_wconf 85' lang='lat' dir='ltr'><strong>et</strong></span> <span class='ocrx_word' id='word_1_403' title='bbox 1822 2394 1920 2422; x_wconf 83' lang='lat' dir='ltr'><strong>Themi</strong></span> <span class='ocrx_word' id='word_1_404' title='bbox 1923 2398 1958 2421; x_wconf 79' lang='grc' dir='ltr'><strong>ιι</strong></span> 
     </span>
    </p>
   </div>
   <div class='ocr_carea' id='block_1_6' title="bbox 205 2441 1766 2483">
    <p class='ocr_par' dir='ltr' id='par_1_6' title="bbox 205 2441 1766 2483">
     <span class='ocr_line' id='line_1_36' title="bbox 205 2441 1766 2483; baseline 0.001 -12"><span class='ocrx_word' id='word_1_405' title='bbox 205 2446 287 2472; x_wconf 72' lang='lat' dir='ltr'><strong>Orat.</strong></span> <span class='ocrx_word' id='word_1_406' title='bbox 311 2445 392 2476; x_wconf 78' lang='lat' dir='ltr'><strong>xm,</strong></span> <span class='ocrx_word' id='word_1_407' title='bbox 416 2455 444 2481; x_wconf 86' lang='lat' dir='ltr'><strong>p.</strong></span> <span class='ocrx_word' id='word_1_408' title='bbox 468 2445 534 2472; x_wconf 79' lang='lat'><strong>¹⁹8:</strong></span> <span class='ocrx_word' id='word_1_409' title='bbox 562 2442 618 2472; x_wconf 65' lang='lat' dir='ltr'><strong>iiam</strong></span> <span class='ocrx_word' id='word_1_410' title='bbox 636 2453 749 2479; x_wconf 73' lang='grc' dir='ltr'><strong>γυμναῖς</strong></span> <span class='ocrx_word' id='word_1_411' title='bbox 766 2454 827 2477; x_wconf 81' lang='grc' dir='ltr'><strong><em>ταῖς</em></strong></span> <span class='ocrx_word' id='word_1_412' title='bbox 848 2448 975 2478; x_wconf 68' lang='grc' dir='ltr'><strong>κεφαλαῖς</strong></span> <span class='ocrx_word' id='word_1_413' title='bbox 995 2445 1219 2483; x_wconf 71' lang='grc' dir='ltr'><strong>α’νεκὴρυττυνα</strong></span> <span class='ocrx_word' id='word_1_414' title='bbox 1190 2457 1219 2472; x_wconf 69' lang='grc' dir='ltr'><strong>ια</strong></span> <span class='ocrx_word' id='word_1_415' title='bbox 1361 2451 1417 2475; x_wconf 70' lang='grc' dir='ltr'><strong>τοῖς</strong></span> <span class='ocrx_word' id='word_1_416' title='bbox 1429 2441 1561 2479; x_wconf 69' lang='grc' dir='ltr'><strong>υΕλλησιν</strong></span> <span class='ocrx_word' id='word_1_417' title='bbox 1640 2445 1676 2480; x_wconf 79' lang='grc' dir='ltr'><strong>’τῇ</strong></span> <span class='ocrx_word' id='word_1_418' title='bbox 1695 2454 1724 2471; x_wconf 86' lang='grc' dir='ltr'><strong>σο</strong></span> <span class='ocrx_word' id='word_1_419' title='bbox 1712 2449 1766 2479; x_wconf 71' lang='grc' dir='ltr'><strong>οφὶι</strong></span> 
     </span>
    </p>
   </div>
  </div>
 </body>
</html>
